
@article{doi:10.1093/gigascience/giy016,
	Author = {Glatard, Tristan and Kiar, Gregory and Aumentado-Armstrong, Tristan and Beck, Natacha and Bellec, Pierre and Bernard, R{\'e}mi and Bonnet, Axel and Brown, Shawn T and Camarasu-Pop, Sorina and Cervenansky, Fr{\'e}d{\'e}ric and Das, Samir and Ferreira da Silva, Rafael and Flandin, Guillaume and Girard, Pascal and Gorgolewski, Krzysztof J and Guttmann, Charles R G and Hayot-Sasson, Val{\'e}rie and Quirion, Pierre-Olivier and Rioux, Pierre and Rousseau, Marc-{\'E}tienne and Evans, Alan C},
	Date-Added = {2018-10-08 03:44:48 +0900},
	Date-Modified = {2018-10-08 03:44:48 +0900},
	Doi = {10.1093/gigascience/giy016},
	Eprint = {/oup/backfile/content_public/journal/gigascience/7/5/10.1093_gigascience_giy016/1/giy016.pdf},
	Journal = {GigaScience},
	Number = {5},
	Pages = {giy016},
	Title = {Boutiques: a flexible framework to integrate command-line applications in computing platforms},
	Url = {http://dx.doi.org/10.1093/gigascience/giy016},
	Volume = {7},
	Year = {2018},
	Bdsk-Url-1 = {http://dx.doi.org/10.1093/gigascience/giy016}}

@electronic{bidsderiv,
	Date-Added = {2018-10-08 03:41:43 +0900},
	Date-Modified = {2018-10-08 03:42:57 +0900},
	Title = {BIDS Derivatives RC1},
	Url = {https://docs.google.com/document/d/17ebopupQxuRwp7U7TFvS6BH03ALJOgGHufxK8ToAvyI/edit}}

@article{Maumet:2016aa,
	Author = {Maumet, Camille and Auer, Tibor and Bowring, Alexander and Chen, Gang and Das, Samir and Flandin, Guillaume and Ghosh, Satrajit and Glatard, Tristan and Gorgolewski, Krzysztof J. and Helmer, Karl G. and Jenkinson, Mark and Keator, David B. and Nichols, B. Nolan and Poline, Jean-Baptiste and Reynolds, Richard and Sochat, Vanessa and Turner, Jessica and Nichols, Thomas E.},
	Date = {2016/12/06/online},
	Date-Added = {2018-10-08 03:41:26 +0900},
	Date-Modified = {2018-10-08 03:41:26 +0900},
	Day = {06},
	Journal = {Scientific Data},
	L3 = {10.1038/sdata.2016.102; https://www.nature.com/articles/sdata2016102#supplementary-information},
	M3 = {Article},
	Month = {12},
	Pages = {160102 EP  -},
	Publisher = {The Author(s) SN  -},
	Title = {Sharing brain mapping statistical results with the neuroimaging data model},
	Ty = {JOUR},
	Url = {http://dx.doi.org/10.1038/sdata.2016.102},
	Volume = {3},
	Year = {2016},
	Bdsk-Url-1 = {http://dx.doi.org/10.1038/sdata.2016.102}}

@inproceedings{missier2013w3c,
	Author = {Missier, Paolo and Belhajjame, Khalid and Cheney, James},
	Booktitle = {Proceedings of the 16th International Conference on Extending Database Technology},
	Date-Added = {2018-10-08 03:40:02 +0900},
	Date-Modified = {2018-10-08 03:40:02 +0900},
	Organization = {ACM},
	Pages = {773--776},
	Title = {The W3C PROV family of specifications for modelling provenance metadata},
	Year = {2013}}

@article{10.3389/fninf.2015.00012,
	Author = {Glatard, Tristan and Lewis, Lindsay B. and Ferreira da Silva, Rafael and Adalat, Reza and Beck, Natacha and Lepage, Claude and Rioux, Pierre and Rousseau, Marc-Etienne and Sherif, Tarek and Deelman, Ewa and Khalili-Mahani, Najmeh and Evans, Alan C.},
	Date-Added = {2018-10-08 03:34:32 +0900},
	Date-Modified = {2018-10-08 03:34:32 +0900},
	Doi = {10.3389/fninf.2015.00012},
	Issn = {1662-5196},
	Journal = {Frontiers in Neuroinformatics},
	Pages = {12},
	Title = {Reproducibility of neuroimaging analyses across operating systems},
	Url = {https://www.frontiersin.org/article/10.3389/fninf.2015.00012},
	Volume = {9},
	Year = {2015},
	Bdsk-Url-1 = {https://www.frontiersin.org/article/10.3389/fninf.2015.00012},
	Bdsk-Url-2 = {https://doi.org/10.3389/fninf.2015.00012}}

@article{10.1371/journal.pone.0038234,
	Author = {Gronenschild, Ed H. B. M. AND Habets, Petra AND Jacobs, Heidi I. L. AND Mengelers, Ron AND Rozendaal, Nico AND van Os, Jim AND Marcelis, Machteld},
	Date-Added = {2018-10-08 03:33:10 +0900},
	Date-Modified = {2018-10-08 03:33:10 +0900},
	Doi = {10.1371/journal.pone.0038234},
	Journal = {PLOS ONE},
	Month = {06},
	Number = {6},
	Pages = {1-13},
	Publisher = {Public Library of Science},
	Title = {The Effects of FreeSurfer Version, Workstation Type, and Macintosh Operating System Version on Anatomical Volume and Cortical Thickness Measurements},
	Url = {https://doi.org/10.1371/journal.pone.0038234},
	Volume = {7},
	Year = {2012},
	Bdsk-Url-1 = {https://doi.org/10.1371/journal.pone.0038234}}

@unpublished{bowring:inserm-01760535,
	Author = {Bowring, Alexander and Maumet, Camille and Nichols, Thomas E.},
	Date-Added = {2018-10-08 03:31:02 +0900},
	Date-Modified = {2018-10-08 03:31:02 +0900},
	Doi = {10.1101/285585},
	Hal_Id = {inserm-01760535},
	Hal_Version = {v2},
	Month = Sep,
	Note = {working paper or preprint},
	Pdf = {http://www.hal.inserm.fr/inserm-01760535/file/285585.full.pdf},
	Title = {{Exploring the Impact of Analysis Software on Task fMRI Results}},
	Url = {http://www.hal.inserm.fr/inserm-01760535},
	Year = {2018},
	Bdsk-Url-1 = {http://www.hal.inserm.fr/inserm-01760535},
	Bdsk-Url-2 = {https://doi.org/10.1101/285585}}

@article{baker2016there,
	Author = {Baker, Monya},
	Date-Added = {2018-10-08 03:28:41 +0900},
	Date-Modified = {2018-10-08 03:28:41 +0900},
	Journal = {Nature},
	Number = {7604},
	Pages = {452--455},
	Publisher = {Nature Publishing Group},
	Title = {Is there a reproducibility crisis? A Nature survey lifts the lid on how researchers view the'crisis rocking science and what they think will help},
	Volume = {533},
	Year = {2016}}

@article{Peng1226,
	Author = {Peng, Roger D.},
	Date-Added = {2018-10-08 03:25:57 +0900},
	Date-Modified = {2018-10-08 03:25:57 +0900},
	Doi = {10.1126/science.1213847},
	Eprint = {http://science.sciencemag.org/content/334/6060/1226.full.pdf},
	Issn = {0036-8075},
	Journal = {Science},
	Number = {6060},
	Pages = {1226--1227},
	Publisher = {American Association for the Advancement of Science},
	Title = {Reproducible Research in Computational Science},
	Url = {http://science.sciencemag.org/content/334/6060/1226},
	Volume = {334},
	Year = {2011},
	Bdsk-Url-1 = {http://science.sciencemag.org/content/334/6060/1226},
	Bdsk-Url-2 = {https://doi.org/10.1126/science.1213847}}

@article{Esteban306951,
	Author = {Esteban, Oscar and Markiewicz, Christopher and Blair, Ross W and Moodie, Craig and Isik, Ayse Ilkay and Erramuzpe Aliaga, Asier and Kent, James and Goncalves, Mathias and DuPre, Elizabeth and Snyder, Madeleine and Oya, Hiroyuki and Ghosh, Satrajit and Wright, Jessey and Durnez, Joke and Poldrack, Russell and Gorgolewski, Krzysztof Jacek},
	Date-Added = {2018-10-08 03:23:19 +0900},
	Date-Modified = {2018-10-08 03:23:19 +0900},
	Doi = {10.1101/306951},
	Eprint = {https://www.biorxiv.org/content/early/2018/05/06/306951.full.pdf},
	Journal = {bioRxiv},
	Publisher = {Cold Spring Harbor Laboratory},
	Title = {FMRIPrep: a robust preprocessing pipeline for functional MRI},
	Url = {https://www.biorxiv.org/content/early/2018/05/06/306951},
	Year = {2018},
	Bdsk-Url-1 = {https://www.biorxiv.org/content/early/2018/05/06/306951},
	Bdsk-Url-2 = {https://doi.org/10.1101/306951}}

@article{10.1371/journal.pcbi.1005209,
	Author = {Gorgolewski, Krzysztof J. AND Alfaro-Almagro, Fidel AND Auer, Tibor AND Bellec, Pierre AND Capot{\u a}, Mihai AND Chakravarty, M. Mallar AND Churchill, Nathan W. AND Cohen, Alexander Li AND Craddock, R. Cameron AND Devenyi, Gabriel A. AND Eklund, Anders AND Esteban, Oscar AND Flandin, Guillaume AND Ghosh, Satrajit S. AND Guntupalli, J. Swaroop AND Jenkinson, Mark AND Keshavan, Anisha AND Kiar, Gregory AND Liem, Franziskus AND Raamana, Pradeep Reddy AND Raffelt, David AND Steele, Christopher J. AND Quirion, Pierre-Olivier AND Smith, Robert E. AND Strother, Stephen C. AND Varoquaux, Ga{\"e}l AND Wang, Yida AND Yarkoni, Tal AND Poldrack, Russell A.},
	Date-Added = {2018-10-08 03:22:16 +0900},
	Date-Modified = {2018-10-08 03:22:16 +0900},
	Doi = {10.1371/journal.pcbi.1005209},
	Journal = {PLOS Computational Biology},
	Month = {03},
	Number = {3},
	Pages = {1-16},
	Publisher = {Public Library of Science},
	Title = {BIDS apps: Improving ease of use, accessibility, and reproducibility of neuroimaging data analysis methods},
	Url = {https://doi.org/10.1371/journal.pcbi.1005209},
	Volume = {13},
	Year = {2017},
	Bdsk-Url-1 = {https://doi.org/10.1371/journal.pcbi.1005209}}

@article{gorgolewski2017openneuro,
	Author = {Gorgolewski, K and Esteban, Oscar and Schaefer, Gunnar and Wandell, B and Poldrack, R},
	Date-Added = {2018-10-08 03:20:06 +0900},
	Date-Modified = {2018-10-08 03:20:06 +0900},
	Journal = {Organization for Human Brain Mapping. Vancouver, Canada},
	Pages = {1677},
	Title = {OpenNeuro---a free online platform for sharing and analysis of neuroimaging data},
	Year = {2017}}

@article{10.1371/journal.pone.0177459,
	Author = {Kurtzer, Gregory M. AND Sochat, Vanessa AND Bauer, Michael W.},
	Date-Added = {2018-10-08 03:19:25 +0900},
	Date-Modified = {2018-10-08 03:19:25 +0900},
	Doi = {10.1371/journal.pone.0177459},
	Journal = {PLOS ONE},
	Month = {05},
	Number = {5},
	Pages = {1-20},
	Publisher = {Public Library of Science},
	Title = {Singularity: Scientific containers for mobility of compute},
	Url = {https://doi.org/10.1371/journal.pone.0177459},
	Volume = {12},
	Year = {2017},
	Bdsk-Url-1 = {https://doi.org/10.1371/journal.pone.0177459}}

@article{merkel2014docker,
	Author = {Merkel, Dirk},
	Date-Added = {2018-10-08 03:18:25 +0900},
	Date-Modified = {2018-10-08 03:18:25 +0900},
	Journal = {Linux Journal},
	Number = {239},
	Pages = {2},
	Publisher = {Belltown Media},
	Title = {Docker: lightweight linux containers for consistent development and deployment},
	Volume = {2014},
	Year = {2014}}

@article{computing2015torque,
	Author = {Computing, Adaptive and Computing, Green},
	Date-Added = {2018-10-08 03:17:01 +0900},
	Date-Modified = {2018-10-08 03:17:01 +0900},
	Journal = {online] http://www. adaptivecomputing. com},
	Title = {Torque resource manager},
	Year = {2015}}

@inproceedings{7152476,
	Author = {N. S. Islam and X. Lu and M. Wasi-ur-Rahman and D. Shankar and D. K. Panda},
	Booktitle = {2015 15th IEEE/ACM International Symposium on Cluster, Cloud and Grid Computing},
	Date-Added = {2018-10-08 03:14:55 +0900},
	Date-Modified = {2018-10-08 03:14:55 +0900},
	Doi = {10.1109/CCGrid.2015.161},
	Keywords = {Big Data;distributed databases;fault tolerant computing;parallel processing;Triple-H;HDFS;HPC clusters;heterogeneous storage architecture;Hadoop distributed file system;data locality;big data applications;IO bottlenecks;trireplicated data blocks;high performance computing;data placement policies;parallel file system;fault-tolerance;sort benchmark;Lustre;CloudBurst application;SequenceCount;Grep;PUMA;Random access memory;Fault tolerance;Fault tolerant systems;Servers;Performance evaluation;Engines;File systems;HDFS;Heterogeneous Storage;HPC;Big Data},
	Month = {May},
	Pages = {101-110},
	Title = {Triple-H: A Hybrid Approach to Accelerate HDFS on HPC Clusters with Heterogeneous Storage Architecture},
	Year = {2015},
	Bdsk-Url-1 = {https://doi.org/10.1109/CCGrid.2015.161}}

@article{mckinney2011pandas,
	Author = {McKinney, Wes},
	Date-Added = {2018-10-08 03:13:01 +0900},
	Date-Modified = {2018-10-08 03:13:01 +0900},
	Journal = {Python for High Performance and Scientific Computing},
	Pages = {1--9},
	Title = {pandas: a foundational Python library for data analysis and statistics},
	Year = {2011}}

@inproceedings{Armbrust:2015:SSR:2723372.2742797,
	Acmid = {2742797},
	Address = {New York, NY, USA},
	Author = {Armbrust, Michael and Xin, Reynold S. and Lian, Cheng and Huai, Yin and Liu, Davies and Bradley, Joseph K. and Meng, Xiangrui and Kaftan, Tomer and Franklin, Michael J. and Ghodsi, Ali and Zaharia, Matei},
	Booktitle = {Proceedings of the 2015 ACM SIGMOD International Conference on Management of Data},
	Date-Added = {2018-10-08 03:10:55 +0900},
	Date-Modified = {2018-10-08 03:10:55 +0900},
	Doi = {10.1145/2723372.2742797},
	Isbn = {978-1-4503-2758-9},
	Keywords = {data warehouse, databases, hadoop, machine learning, spark},
	Location = {Melbourne, Victoria, Australia},
	Numpages = {12},
	Pages = {1383--1394},
	Publisher = {ACM},
	Series = {SIGMOD '15},
	Title = {Spark SQL: Relational Data Processing in Spark},
	Url = {http://doi.acm.org/10.1145/2723372.2742797},
	Year = {2015},
	Bdsk-Url-1 = {http://doi.acm.org/10.1145/2723372.2742797},
	Bdsk-Url-2 = {https://doi.org/10.1145/2723372.2742797}}

@url{nilearn,
	Date-Added = {2018-10-08 03:09:26 +0900},
	Date-Modified = {2018-10-08 03:09:26 +0900},
	Title = {Nilearn},
	Url = {http://nilearn.github.io/},
	Bdsk-Url-1 = {http://nilearn.github.io/}}

@inproceedings{BosaghZadeh:2016:MCO:2939672.2939675,
	Acmid = {2939675},
	Address = {New York, NY, USA},
	Author = {Bosagh Zadeh, Reza and Meng, Xiangrui and Ulanov, Alexander and Yavuz, Burak and Pu, Li and Venkataraman, Shivaram and Sparks, Evan and Staple, Aaron and Zaharia, Matei},
	Booktitle = {Proceedings of the 22Nd ACM SIGKDD International Conference on Knowledge Discovery and Data Mining},
	Date-Added = {2018-10-08 03:08:56 +0900},
	Date-Modified = {2018-10-08 03:08:56 +0900},
	Doi = {10.1145/2939672.2939675},
	Isbn = {978-1-4503-4232-2},
	Keywords = {distributed linear algebra, machine learning, matrix computations, mllib, optimization, spark},
	Location = {San Francisco, California, USA},
	Numpages = {8},
	Pages = {31--38},
	Publisher = {ACM},
	Series = {KDD '16},
	Title = {Matrix Computations and Optimization in Apache Spark},
	Url = {http://doi.acm.org/10.1145/2939672.2939675},
	Year = {2016},
	Bdsk-Url-1 = {http://doi.acm.org/10.1145/2939672.2939675},
	Bdsk-Url-2 = {https://doi.org/10.1145/2939672.2939675}}

@article{pedregosa2011scikit,
	Author = {Pedregosa, Fabian and Varoquaux, Ga{\"e}l and Gramfort, Alexandre and Michel, Vincent and Thirion, Bertrand and Grisel, Olivier and Blondel, Mathieu and Prettenhofer, Peter and Weiss, Ron and Dubourg, Vincent and others},
	Date-Added = {2018-10-08 03:05:19 +0900},
	Date-Modified = {2018-10-08 03:05:19 +0900},
	Journal = {Journal of machine learning research},
	Number = {Oct},
	Pages = {2825--2830},
	Title = {Scikit-learn: Machine learning in Python},
	Volume = {12},
	Year = {2011}}

@misc{scipy,
	Author = {Eric Jones and Travis Oliphant and Pearu Peterson and others},
	Date-Added = {2018-10-08 03:02:54 +0900},
	Date-Modified = {2018-10-08 03:04:13 +0900},
	Note = {[Online; accessed <today>]},
	Title = {{SciPy}: Open source scientific tools for {Python}},
	Url = {http://www.scipy.org/},
	Year = {2001--},
	Bdsk-Url-1 = {http://www.scipy.org/}}

@misc{matthew_brett_2018_1287921,
	Author = {Matthew Brett and Michael Hanke and Chris Markiewicz and Marc-Alexandre C{\^o}t{\'e} and Paul McCarthy and Satrajit Ghosh and Demian Wassermann and Stephan Gerhard and Yaroslav Halchenko and Eric Larson and Gregory R. Lee and Erik Kastman and Cindee M and F{\'e}lix C. Morency and moloney and Ariel Rokem and Michiel Cottaar and Jarrod Millman and Ross Markello and jaeilepp and Chris Cheng and Alexandre Gramfort and Robert D Vincent and Jasper J.F. van den Bosch and Krish Subramaniam and Pradeep Reddy Raamana and Mathias Goncalves and Nolan Nichols and embaker and Basile},
	Date-Added = {2018-10-07 22:53:02 +0900},
	Date-Modified = {2018-10-07 22:53:02 +0900},
	Doi = {10.5281/zenodo.1287921},
	Month = jun,
	Title = {nipy/nibabel: 2.3.0},
	Url = {https://doi.org/10.5281/zenodo.1287921},
	Year = 2018,
	Bdsk-Url-1 = {https://doi.org/10.5281/zenodo.1287921}}

@article{Dean:2008:MSD:1327452.1327492,
	Acmid = {1327492},
	Address = {New York, NY, USA},
	Author = {Dean, Jeffrey and Ghemawat, Sanjay},
	Date-Added = {2018-10-07 09:53:18 +0900},
	Date-Modified = {2018-10-07 09:53:18 +0900},
	Doi = {10.1145/1327452.1327492},
	Issn = {0001-0782},
	Issue_Date = {January 2008},
	Journal = {Commun. ACM},
	Month = jan,
	Number = {1},
	Numpages = {7},
	Pages = {107--113},
	Publisher = {ACM},
	Title = {MapReduce: Simplified Data Processing on Large Clusters},
	Url = {http://doi.acm.org/10.1145/1327452.1327492},
	Volume = {51},
	Year = {2008},
	Bdsk-Url-1 = {http://doi.acm.org/10.1145/1327452.1327492},
	Bdsk-Url-2 = {https://doi.org/10.1145/1327452.1327492}}

@article{Goecks2010,
	Author = {Goecks, Jeremy and Nekrutenko, Anton and Taylor, James and {The Galaxy Team}},
	Date-Added = {2018-10-07 09:52:02 +0900},
	Date-Modified = {2018-10-07 09:52:02 +0900},
	Day = {25},
	Doi = {10.1186/gb-2010-11-8-r86},
	Issn = {1474-760X},
	Journal = {Genome Biology},
	Month = {Aug},
	Number = {8},
	Pages = {R86},
	Title = {Galaxy: a comprehensive approach for supporting accessible, reproducible, and transparent computational research in the life sciences},
	Url = {https://doi.org/10.1186/gb-2010-11-8-r86},
	Volume = {11},
	Year = {2010},
	Bdsk-Url-1 = {https://doi.org/10.1186/gb-2010-11-8-r86}}

@article{Di-Tommaso:2017aa,
	Author = {Di Tommaso, Paolo and Chatzou, Maria and Floden, Evan W and Barja, Pablo Prieto and Palumbo, Emilio and Notredame, Cedric},
	Date = {2017/04/11/online},
	Date-Added = {2018-10-07 09:51:12 +0900},
	Date-Modified = {2018-10-07 09:51:12 +0900},
	Day = {11},
	Journal = {Nature Biotechnology},
	L3 = {10.1038/nbt.3820; https://www.nature.com/articles/nbt.3820#supplementary-information},
	Month = {04},
	Pages = {316 EP  -},
	Publisher = {Nature Publishing Group, a division of Macmillan Publishers Limited. All Rights Reserved. SN  -},
	Title = {Nextflow enables reproducible computational workflows},
	Ty = {JOUR},
	Url = {http://dx.doi.org/10.1038/nbt.3820},
	Volume = {35},
	Year = {2017},
	Bdsk-Url-1 = {http://dx.doi.org/10.1038/nbt.3820},
	Bdsk-File-1 = {YnBsaXN0MDDUAQIDBAUGJCVYJHZlcnNpb25YJG9iamVjdHNZJGFyY2hpdmVyVCR0b3ASAAGGoKgHCBMUFRYaIVUkbnVsbNMJCgsMDxJXTlMua2V5c1pOUy5vYmplY3RzViRjbGFzc6INDoACgAOiEBGABIAFgAdccmVsYXRpdmVQYXRoWWFsaWFzRGF0YV8QNS4uLy4uLy4uL0Rvd25sb2Fkcy8xMC4xMzcxJTJGam91cm5hbC5wb25lLjAxNzc0NTkuYmli0hcLGBlXTlMuZGF0YU8RAcYAAAAAAcYAAgAADE1hY2ludG9zaCBIRAAAAAAAAAAAAAAAAAAAANUt139IKwAAAAmn9h8xMC4xMzcxJTJGam91cm5hbC5wbyNDM0FFMjAuYmliAAAAAAAAAAAAAAAAAAAAAAAAAAAAAAAAAAAAAAAAAAAAw64g1+B9IQAAAAAAAAAAAAMAAgAACSAAAAAAAAAAAAAAAAAAAAAJRG93bmxvYWRzAAAQAAgAANUtWO8AAAARAAgAANff/pEAAAABAAwACaf2AAmn8wAGaAwAAgBDTWFjaW50b3NoIEhEOlVzZXJzOgB2aHM6AERvd25sb2FkczoAMTAuMTM3MSUyRmpvdXJuYWwucG8jQzNBRTIwLmJpYgAADgBGACIAMQAwAC4AMQAzADcAMQAlADIARgBqAG8AdQByAG4AYQBsAC4AcABvAG4AZQAuADAAMQA3ADcANAA1ADkALgBiAGkAYgAPABoADABNAGEAYwBpAG4AdABvAHMAaAAgAEgARAASADZVc2Vycy92aHMvRG93bmxvYWRzLzEwLjEzNzElMkZqb3VybmFsLnBvbmUuMDE3NzQ1OS5iaWIAEwABLwAAFQACAAr//wAAgAbSGxwdHlokY2xhc3NuYW1lWCRjbGFzc2VzXU5TTXV0YWJsZURhdGGjHR8gVk5TRGF0YVhOU09iamVjdNIbHCIjXE5TRGljdGlvbmFyeaIiIF8QD05TS2V5ZWRBcmNoaXZlctEmJ1Ryb290gAEACAARABoAIwAtADIANwBAAEYATQBVAGAAZwBqAGwAbgBxAHMAdQB3AIQAjgDGAMsA0wKdAp8CpAKvArgCxgLKAtEC2gLfAuwC7wMBAwQDCQAAAAAAAAIBAAAAAAAAACgAAAAAAAAAAAAAAAAAAAML},
	Bdsk-File-2 = {YnBsaXN0MDDUAQIDBAUGJCVYJHZlcnNpb25YJG9iamVjdHNZJGFyY2hpdmVyVCR0b3ASAAGGoKgHCBMUFRYaIVUkbnVsbNMJCgsMDxJXTlMua2V5c1pOUy5vYmplY3RzViRjbGFzc6INDoACgAOiEBGABIAFgAdccmVsYXRpdmVQYXRoWWFsaWFzRGF0YV8QNS4uLy4uLy4uL0Rvd25sb2Fkcy8xMC4xMzcxJTJGam91cm5hbC5wb25lLjAxNzc0NTkuYmli0hcLGBlXTlMuZGF0YU8RAcYAAAAAAcYAAgAADE1hY2ludG9zaCBIRAAAAAAAAAAAAAAAAAAAANUt139IKwAAAAmn9h8xMC4xMzcxJTJGam91cm5hbC5wbyNDM0FFMjAuYmliAAAAAAAAAAAAAAAAAAAAAAAAAAAAAAAAAAAAAAAAAAAAw64g1+B9IQAAAAAAAAAAAAMAAgAACSAAAAAAAAAAAAAAAAAAAAAJRG93bmxvYWRzAAAQAAgAANUtWO8AAAARAAgAANff/pEAAAABAAwACaf2AAmn8wAGaAwAAgBDTWFjaW50b3NoIEhEOlVzZXJzOgB2aHM6AERvd25sb2FkczoAMTAuMTM3MSUyRmpvdXJuYWwucG8jQzNBRTIwLmJpYgAADgBGACIAMQAwAC4AMQAzADcAMQAlADIARgBqAG8AdQByAG4AYQBsAC4AcABvAG4AZQAuADAAMQA3ADcANAA1ADkALgBiAGkAYgAPABoADABNAGEAYwBpAG4AdABvAHMAaAAgAEgARAASADZVc2Vycy92aHMvRG93bmxvYWRzLzEwLjEzNzElMkZqb3VybmFsLnBvbmUuMDE3NzQ1OS5iaWIAEwABLwAAFQACAAr//wAAgAbSGxwdHlokY2xhc3NuYW1lWCRjbGFzc2VzXU5TTXV0YWJsZURhdGGjHR8gVk5TRGF0YVhOU09iamVjdNIbHCIjXE5TRGljdGlvbmFyeaIiIF8QD05TS2V5ZWRBcmNoaXZlctEmJ1Ryb290gAEACAARABoAIwAtADIANwBAAEYATQBVAGAAZwBqAGwAbgBxAHMAdQB3AIQAjgDGAMsA0wKdAp8CpAKvArgCxgLKAtEC2gLfAuwC7wMBAwQDCQAAAAAAAAIBAAAAAAAAACgAAAAAAAAAAAAAAAAAAAML}}

@inproceedings{passerat2014openmole,
	Author = {Passerat-Palmbach, Jonathan and Leclaire, Mathieu and Reuillon, Romain and Wang, Zehan and Rueckert, Daniel},
	Booktitle = {International Workshop on High Performance Computing for Biomedical Image Analysis (part of MICCAI 2014)},
	Date-Added = {2018-10-07 09:49:34 +0900},
	Date-Modified = {2018-10-07 09:49:34 +0900},
	Title = {OpenMOLE: a Workflow Engine for Distributed Medical Image Analysis},
	Year = {2014}}

@article{10.3389/fninf.2016.00002,
	Author = {Askren, Mary K. and McAllister-Day, Trevor K. and Koh, Natalie and Mestre, Zo{\'e} and Dines, Jennifer N. and Korman, Benjamin A. and Melhorn, Susan J. and Peterson, Daniel J. and Peverill, Matthew and Qin, Xiaoyan and Rane, Swati D. and Reilly, Melissa A. and Reiter, Maya A. and Sambrook, Kelly A. and Woelfer, Karl A. and Grabowski, Thomas J. and Madhyastha, Tara M.},
	Date-Added = {2018-10-07 09:48:27 +0900},
	Date-Modified = {2018-10-07 09:48:27 +0900},
	Doi = {10.3389/fninf.2016.00002},
	Issn = {1662-5196},
	Journal = {Frontiers in Neuroinformatics},
	Pages = {2},
	Title = {Using Make for Reproducible and Parallel Neuroimaging Workflow and Quality-Assurance},
	Url = {https://www.frontiersin.org/article/10.3389/fninf.2016.00002},
	Volume = {10},
	Year = {2016},
	Bdsk-Url-1 = {https://www.frontiersin.org/article/10.3389/fninf.2016.00002},
	Bdsk-Url-2 = {https://doi.org/10.3389/fninf.2016.00002}}

@article{doi:10.1093/bioinformatics/bth361,
	Author = {Oinn, Tom and Addis, Matthew and Ferris, Justin and Marvin, Darren and Senger, Martin and Greenwood, Mark and Carver, Tim and Glover, Kevin and Pocock, Matthew R. and Wipat, Anil and Li, Peter},
	Date-Added = {2018-10-07 09:44:47 +0900},
	Date-Modified = {2018-10-07 09:44:47 +0900},
	Doi = {10.1093/bioinformatics/bth361},
	Eprint = {/oup/backfile/content_public/journal/bioinformatics/20/17/10.1093/bioinformatics/bth361/2/bth361.pdf},
	Journal = {Bioinformatics},
	Number = {17},
	Pages = {3045-3054},
	Title = {Taverna: a tool for the composition and enactment of bioinformatics workflows},
	Url = {http://dx.doi.org/10.1093/bioinformatics/bth361},
	Volume = {20},
	Year = {2004},
	Bdsk-Url-1 = {http://dx.doi.org/10.1093/bioinformatics/bth361},
	Bdsk-File-1 = {YnBsaXN0MDDUAQIDBAUGJCVYJHZlcnNpb25YJG9iamVjdHNZJGFyY2hpdmVyVCR0b3ASAAGGoKgHCBMUFRYaIVUkbnVsbNMJCgsMDxJXTlMua2V5c1pOUy5vYmplY3RzViRjbGFzc6INDoACgAOiEBGABIAFgAdccmVsYXRpdmVQYXRoWWFsaWFzRGF0YV8QHi4uLy4uLy4uLy5UcmFzaC9iYWtlcnJlcHJvLmJpYtIXCxgZV05TLmRhdGFPEQFwAAAAAAFwAAIAAAxNYWNpbnRvc2ggSEQAAAAAAAAAAAAAAAAAAADVLdd/SCsAAAC4nBcOYmFrZXJyZXByby5iaWIAAAAAAAAAAAAAAAAAAAAAAAAAAAAAAAAAAAAAAAAAAAAAAAAAAAAAAAAAAAAAAAAAAMOwZtfgfywAAAAAAAAAAAADAAIAAAkgAAAAAAAAAAAAAAAAAAAABi5UcmFzaAAQAAgAANUtWO8AAAARAAgAANfgAJwAAAABAAwAuJwXAAmn8wAGaAwAAgAvTWFjaW50b3NoIEhEOlVzZXJzOgB2aHM6AC5UcmFzaDoAYmFrZXJyZXByby5iaWIAAA4AHgAOAGIAYQBrAGUAcgByAGUAcAByAG8ALgBiAGkAYgAPABoADABNAGEAYwBpAG4AdABvAHMAaAAgAEgARAASAB9Vc2Vycy92aHMvLlRyYXNoL2Jha2VycmVwcm8uYmliAAATAAEvAAAVAAIACv//AACABtIbHB0eWiRjbGFzc25hbWVYJGNsYXNzZXNdTlNNdXRhYmxlRGF0YaMdHyBWTlNEYXRhWE5TT2JqZWN00hscIiNcTlNEaWN0aW9uYXJ5oiIgXxAPTlNLZXllZEFyY2hpdmVy0SYnVHJvb3SAAQAIABEAGgAjAC0AMgA3AEAARgBNAFUAYABnAGoAbABuAHEAcwB1AHcAhACOAK8AtAC8AjACMgI3AkICSwJZAl0CZAJtAnICfwKCApQClwKcAAAAAAAAAgEAAAAAAAAAKAAAAAAAAAAAAAAAAAAAAp4=}}

@inproceedings{hindman2011mesos,
	Author = {Hindman, Benjamin and Konwinski, Andy and Zaharia, Matei and Ghodsi, Ali and Joseph, Anthony D and Katz, Randy H and Shenker, Scott and Stoica, Ion},
	Booktitle = {NSDI},
	Date-Added = {2018-10-07 09:42:53 +0900},
	Date-Modified = {2018-10-07 09:42:53 +0900},
	Number = {2011},
	Pages = {22--22},
	Title = {Mesos: A Platform for Fine-Grained Resource Sharing in the Data Center.},
	Volume = {11},
	Year = {2011}}

@inproceedings{Vavilapalli:2013:AHY:2523616.2523633,
	Acmid = {2523633},
	Address = {New York, NY, USA},
	Articleno = {5},
	Author = {Vavilapalli, Vinod Kumar and Murthy, Arun C. and Douglas, Chris and Agarwal, Sharad and Konar, Mahadev and Evans, Robert and Graves, Thomas and Lowe, Jason and Shah, Hitesh and Seth, Siddharth and Saha, Bikas and Curino, Carlo and O'Malley, Owen and Radia, Sanjay and Reed, Benjamin and Baldeschwieler, Eric},
	Booktitle = {Proceedings of the 4th Annual Symposium on Cloud Computing},
	Date-Added = {2018-10-07 09:41:50 +0900},
	Date-Modified = {2018-10-07 09:41:50 +0900},
	Doi = {10.1145/2523616.2523633},
	Isbn = {978-1-4503-2428-1},
	Location = {Santa Clara, California},
	Numpages = {16},
	Pages = {5:1--5:16},
	Publisher = {ACM},
	Series = {SOCC '13},
	Title = {Apache Hadoop YARN: Yet Another Resource Negotiator},
	Url = {http://doi.acm.org/10.1145/2523616.2523633},
	Year = {2013},
	Bdsk-Url-1 = {http://doi.acm.org/10.1145/2523616.2523633},
	Bdsk-Url-2 = {https://doi.org/10.1145/2523616.2523633}}

@inproceedings{Li:2014:TRM:2670979.2670985,
	Acmid = {2670985},
	Address = {New York, NY, USA},
	Articleno = {6},
	Author = {Li, Haoyuan and Ghodsi, Ali and Zaharia, Matei and Shenker, Scott and Stoica, Ion},
	Booktitle = {Proceedings of the ACM Symposium on Cloud Computing},
	Date-Added = {2018-10-07 09:40:41 +0900},
	Date-Modified = {2018-10-07 09:40:41 +0900},
	Doi = {10.1145/2670979.2670985},
	Isbn = {978-1-4503-3252-1},
	Location = {Seattle, WA, USA},
	Numpages = {15},
	Pages = {6:1--6:15},
	Publisher = {ACM},
	Series = {SOCC '14},
	Title = {Tachyon: Reliable, Memory Speed Storage for Cluster Computing Frameworks},
	Url = {http://doi.acm.org/10.1145/2670979.2670985},
	Year = {2014},
	Bdsk-Url-1 = {http://doi.acm.org/10.1145/2670979.2670985},
	Bdsk-Url-2 = {https://doi.org/10.1145/2670979.2670985},
	Bdsk-File-1 = {YnBsaXN0MDDUAQIDBAUGJCVYJHZlcnNpb25YJG9iamVjdHNZJGFyY2hpdmVyVCR0b3ASAAGGoKgHCBMUFRYaIVUkbnVsbNMJCgsMDxJXTlMua2V5c1pOUy5vYmplY3RzViRjbGFzc6INDoACgAOiEBGABIAFgAdccmVsYXRpdmVQYXRoWWFsaWFzRGF0YV8QHC4uLy4uLy4uL0Rvd25sb2Fkcy90cmlwaC5iaWLSFwsYGVdOUy5kYXRhTxEBZgAAAAABZgACAAAMTWFjaW50b3NoIEhEAAAAAAAAAAAAAAAAAAAA1S3Xf0grAAAACaf2CXRyaXBoLmJpYgAAAAAAAAAAAAAAAAAAAAAAAAAAAAAAAAAAAAAAAAAAAAAAAAAAAAAAAAAAAAAAAAAAAAAAAADDrXjX4HwjAAAAAAAAAAAAAwACAAAJIAAAAAAAAAAAAAAAAAAAAAlEb3dubG9hZHMAABAACAAA1S1Y7wAAABEACAAA19/9kwAAAAEADAAJp/YACafzAAZoDAACAC1NYWNpbnRvc2ggSEQ6VXNlcnM6AHZoczoARG93bmxvYWRzOgB0cmlwaC5iaWIAAA4AFAAJAHQAcgBpAHAAaAAuAGIAaQBiAA8AGgAMAE0AYQBjAGkAbgB0AG8AcwBoACAASABEABIAHVVzZXJzL3Zocy9Eb3dubG9hZHMvdHJpcGguYmliAAATAAEvAAAVAAIACv//AACABtIbHB0eWiRjbGFzc25hbWVYJGNsYXNzZXNdTlNNdXRhYmxlRGF0YaMdHyBWTlNEYXRhWE5TT2JqZWN00hscIiNcTlNEaWN0aW9uYXJ5oiIgXxAPTlNLZXllZEFyY2hpdmVy0SYnVHJvb3SAAQAIABEAGgAjAC0AMgA3AEAARgBNAFUAYABnAGoAbABuAHEAcwB1AHcAhACOAK0AsgC6AiQCJgIrAjYCPwJNAlECWAJhAmYCcwJ2AogCiwKQAAAAAAAAAgEAAAAAAAAAKAAAAAAAAAAAAAAAAAAAApI=}}

@inproceedings{5496972,
	Author = {K. Shvachko and H. Kuang and S. Radia and R. Chansler},
	Booktitle = {2010 IEEE 26th Symposium on Mass Storage Systems and Technologies (MSST)},
	Date-Added = {2018-10-07 09:39:17 +0900},
	Date-Modified = {2018-10-07 09:39:17 +0900},
	Doi = {10.1109/MSST.2010.5496972},
	Issn = {2160-195X},
	Keywords = {distributed databases;Internet;network operating systems;Hadoop distributed file system;data stream;data storage;enterprise data;Yahoo!;File systems;Bandwidth;Concurrent computing;Distributed computing;Computer architecture;File servers;Facebook;Protocols;Protection;Clustering algorithms;Hadoop;HDFS;distributed file system},
	Month = {May},
	Pages = {1-10},
	Title = {The Hadoop Distributed File System},
	Year = {2010},
	Bdsk-Url-1 = {https://doi.org/10.1109/MSST.2010.5496972}}

@webpage{htcondor,
	Date-Added = {2018-10-07 09:19:22 +0900},
	Date-Modified = {2018-10-07 09:19:39 +0900},
	Title = {htcondor},
	Url = {https://research.cs.wisc.edu/htcondor/}}

@electronic{SGE,
	Date-Added = {2018-10-07 09:11:44 +0900},
	Date-Modified = {2018-10-07 09:12:03 +0900},
	Title = {Sun Grid Engine},
	Url = {https://www.oracle.com/sun/index.html}}

@inproceedings{10.1007/3-540-60153-8_34,
	Address = {Berlin, Heidelberg},
	Author = {Henderson, Robert L.},
	Booktitle = {Job Scheduling Strategies for Parallel Processing},
	Date-Added = {2018-10-07 08:45:39 +0900},
	Date-Modified = {2018-10-07 08:45:39 +0900},
	Editor = {Feitelson, Dror G. and Rudolph, Larry},
	Isbn = {978-3-540-49459-1},
	Pages = {279--294},
	Publisher = {Springer Berlin Heidelberg},
	Title = {Job scheduling under the Portable Batch System},
	Year = {1995},
	Bdsk-File-1 = {YnBsaXN0MDDUAQIDBAUGJCVYJHZlcnNpb25YJG9iamVjdHNZJGFyY2hpdmVyVCR0b3ASAAGGoKgHCBMUFRYaIVUkbnVsbNMJCgsMDxJXTlMua2V5c1pOUy5vYmplY3RzViRjbGFzc6INDoACgAOiEBGABIAFgAdccmVsYXRpdmVQYXRoWWFsaWFzRGF0YV8QNS4uLy4uLy4uL0Rvd25sb2Fkcy8xMC4xMzcxJTJGam91cm5hbC5wb25lLjAwMzgyMzQuYmli0hcLGBlXTlMuZGF0YU8RAcYAAAAAAcYAAgAADE1hY2ludG9zaCBIRAAAAAAAAAAAAAAAAAAAANUt139IKwAAAAmn9h8xMC4xMzcxJTJGam91cm5hbC5wbyNDM0IxQzYuYmliAAAAAAAAAAAAAAAAAAAAAAAAAAAAAAAAAAAAAAAAAAAAw7HG1+CAWgAAAAAAAAAAAAMAAgAACSAAAAAAAAAAAAAAAAAAAAAJRG93bmxvYWRzAAAQAAgAANUtWO8AAAARAAgAANfgAcoAAAABAAwACaf2AAmn8wAGaAwAAgBDTWFjaW50b3NoIEhEOlVzZXJzOgB2aHM6AERvd25sb2FkczoAMTAuMTM3MSUyRmpvdXJuYWwucG8jQzNCMUM2LmJpYgAADgBGACIAMQAwAC4AMQAzADcAMQAlADIARgBqAG8AdQByAG4AYQBsAC4AcABvAG4AZQAuADAAMAAzADgAMgAzADQALgBiAGkAYgAPABoADABNAGEAYwBpAG4AdABvAHMAaAAgAEgARAASADZVc2Vycy92aHMvRG93bmxvYWRzLzEwLjEzNzElMkZqb3VybmFsLnBvbmUuMDAzODIzNC5iaWIAEwABLwAAFQACAAr//wAAgAbSGxwdHlokY2xhc3NuYW1lWCRjbGFzc2VzXU5TTXV0YWJsZURhdGGjHR8gVk5TRGF0YVhOU09iamVjdNIbHCIjXE5TRGljdGlvbmFyeaIiIF8QD05TS2V5ZWRBcmNoaXZlctEmJ1Ryb290gAEACAARABoAIwAtADIANwBAAEYATQBVAGAAZwBqAGwAbgBxAHMAdQB3AIQAjgDGAMsA0wKdAp8CpAKvArgCxgLKAtEC2gLfAuwC7wMBAwQDCQAAAAAAAAIBAAAAAAAAACgAAAAAAAAAAAAAAAAAAAML}}

@inproceedings{yoo2003slurm,
	Author = {Yoo, Andy B and Jette, Morris A and Grondona, Mark},
	Booktitle = {Workshop on Job Scheduling Strategies for Parallel Processing},
	Date-Added = {2018-10-07 08:43:24 +0900},
	Date-Modified = {2018-10-07 08:43:24 +0900},
	Organization = {Springer},
	Pages = {44--60},
	Title = {Slurm: Simple linux utility for resource management},
	Year = {2003}}

@article{burns2018community,
	Author = {Burns, Randal and Perlman, Eric and Baden, Alex and Roncal, William Gray and Falk, Ben and Chandrashekhar, Vikram and Collman, Forrest and Seshamani, Sharmishtaa and Patsolic, Jesse and Lillaney, Kunal and others},
	Date-Added = {2018-10-07 08:41:20 +0900},
	Date-Modified = {2018-10-07 08:41:20 +0900},
	Journal = {arXiv preprint arXiv:1804.02835},
	Title = {A Community-Developed Open-Source Computational Ecosystem for Big Neuro Data},
	Year = {2018}}

@article{10.3389/fninf.2014.00054,
	Author = {Sherif, Tarek and Rioux, Pierre and Rousseau, Marc-Etienne and Kassis, Nicolas and Beck, Natacha and Adalat, Reza and Das, Samir and Glatard, Tristan and Evans, Alan C.},
	Date-Added = {2018-10-07 08:26:06 +0900},
	Date-Modified = {2018-10-07 08:26:06 +0900},
	Doi = {10.3389/fninf.2014.00054},
	Issn = {1662-5196},
	Journal = {Frontiers in Neuroinformatics},
	Pages = {54},
	Title = {CBRAIN: a web-based, distributed computing platform for collaborative neuroimaging research},
	Url = {https://www.frontiersin.org/article/10.3389/fninf.2014.00054},
	Volume = {8},
	Year = {2014},
	Bdsk-Url-1 = {https://www.frontiersin.org/article/10.3389/fninf.2014.00054},
	Bdsk-Url-2 = {https://doi.org/10.3389/fninf.2014.00054}}

@article{SMITH2004S208,
	Author = {Stephen M. Smith and Mark Jenkinson and Mark W. Woolrich and Christian F. Beckmann and Timothy E.J. Behrens and Heidi Johansen-Berg and Peter R. Bannister and Marilena De Luca and Ivana Drobnjak and David E. Flitney and Rami K. Niazy and James Saunders and John Vickers and Yongyue Zhang and Nicola De Stefano and J. Michael Brady and Paul M. Matthews},
	Date-Added = {2018-10-07 08:24:57 +0900},
	Date-Modified = {2018-10-07 08:24:57 +0900},
	Doi = {https://doi.org/10.1016/j.neuroimage.2004.07.051},
	Issn = {1053-8119},
	Journal = {NeuroImage},
	Keywords = {FMRI, Structural MR image analysis, FSL},
	Note = {Mathematics in Brain Imaging},
	Pages = {S208 - S219},
	Title = {Advances in functional and structural MR image analysis and implementation as FSL},
	Url = {http://www.sciencedirect.com/science/article/pii/S1053811904003933},
	Volume = {23},
	Year = {2004},
	Bdsk-Url-1 = {http://www.sciencedirect.com/science/article/pii/S1053811904003933},
	Bdsk-Url-2 = {https://doi.org/10.1016/j.neuroimage.2004.07.051}}

@article{FISCHL2012774,
	Author = {Bruce Fischl},
	Date-Added = {2018-10-07 08:23:20 +0900},
	Date-Modified = {2018-10-07 08:23:20 +0900},
	Doi = {https://doi.org/10.1016/j.neuroimage.2012.01.021},
	Issn = {1053-8119},
	Journal = {NeuroImage},
	Keywords = {Morphometry, Registration, Segmentation, MRI},
	Note = {20 YEARS OF fMRI},
	Number = {2},
	Pages = {774 - 781},
	Title = {FreeSurfer},
	Url = {http://www.sciencedirect.com/science/article/pii/S1053811912000389},
	Volume = {62},
	Year = {2012},
	Bdsk-Url-1 = {http://www.sciencedirect.com/science/article/pii/S1053811912000389},
	Bdsk-Url-2 = {https://doi.org/10.1016/j.neuroimage.2012.01.021}}

@article{avants2009advanced,
	Author = {Avants, Brian B and Tustison, Nick and Song, Gang},
	Date-Added = {2018-10-07 08:18:41 +0900},
	Date-Modified = {2018-10-07 08:18:41 +0900},
	Journal = {Insight j},
	Pages = {1--35},
	Title = {Advanced normalization tools (ANTS)},
	Volume = {2},
	Year = {2009}}

@inproceedings{citation-0,
	Author = {Ad-Dab'bagh, Y Lyttelton and Muehlboeck, O and Lepage, JS and Einarson, C and Mok, D and Ivanov, K and Vincent, O and Lerch, RD and Fombonne, J and Evans, E},
	Booktitle = {Proceedings of the 12th Annual Meeting of the Organization for Human Brain MappingCorbetta, M. Florence Italy},
	Date-Added = {2018-10-07 08:14:58 +0900},
	Date-Modified = {2018-10-07 08:15:15 +0900},
	Title = {The CIVET Image-Processing Environment: A Fully Automated Comprehensive Pipeline for Anatomical Neuroimaging Research},
	Bdsk-File-1 = {YnBsaXN0MDDUAQIDBAUGJCVYJHZlcnNpb25YJG9iamVjdHNZJGFyY2hpdmVyVCR0b3ASAAGGoKgHCBMUFRYaIVUkbnVsbNMJCgsMDxJXTlMua2V5c1pOUy5vYmplY3RzViRjbGFzc6INDoACgAOiEBGABIAFgAdccmVsYXRpdmVQYXRoWWFsaWFzRGF0YV8QHS4uLy4uLy4uLy5UcmFzaC9vcGVubmV1cm8uYmli0hcLGBlXTlMuZGF0YU8RAWoAAAAAAWoAAgAADE1hY2ludG9zaCBIRAAAAAAAAAAAAAAAAAAAANUt139IKwAAALicFw1vcGVubmV1cm8uYmliAAAAAAAAAAAAAAAAAAAAAAAAAAAAAAAAAAAAAAAAAAAAAAAAAAAAAAAAAAAAAAAAAAAAw42h199zvQAAAAAAAAAAAAMAAgAACSAAAAAAAAAAAAAAAAAAAAAGLlRyYXNoABAACAAA1S1Y7wAAABEACAAA1971LQAAAAEADAC4nBcACafzAAZoDAACAC5NYWNpbnRvc2ggSEQ6VXNlcnM6AHZoczoALlRyYXNoOgBvcGVubmV1cm8uYmliAA4AHAANAG8AcABlAG4AbgBlAHUAcgBvAC4AYgBpAGIADwAaAAwATQBhAGMAaQBuAHQAbwBzAGgAIABIAEQAEgAeVXNlcnMvdmhzLy5UcmFzaC9vcGVubmV1cm8uYmliABMAAS8AABUAAgAK//8AAIAG0hscHR5aJGNsYXNzbmFtZVgkY2xhc3Nlc11OU011dGFibGVEYXRhox0fIFZOU0RhdGFYTlNPYmplY3TSGxwiI1xOU0RpY3Rpb25hcnmiIiBfEA9OU0tleWVkQXJjaGl2ZXLRJidUcm9vdIABAAgAEQAaACMALQAyADcAQABGAE0AVQBgAGcAagBsAG4AcQBzAHUAdwCEAI4ArgCzALsCKQIrAjACOwJEAlICVgJdAmYCawJ4AnsCjQKQApUAAAAAAAACAQAAAAAAAAAoAAAAAAAAAAAAAAAAAAAClw==}}

@article{Miller:2016aa,
	Author = {Miller, Karla L and Alfaro-Almagro, Fidel and Bangerter, Neal K and Thomas, David L and Yacoub, Essa and Xu, Junqian and Bartsch, Andreas J and Jbabdi, Saad and Sotiropoulos, Stamatios N and Andersson, Jesper L R and Griffanti, Ludovica and Douaud, Gwena{\"e}lle and Okell, Thomas W and Weale, Peter and Dragonu, Iulius and Garratt, Steve and Hudson, Sarah and Collins, Rory and Jenkinson, Mark and Matthews, Paul M and Smith, Stephen M},
	Date = {2016/09/19/online},
	Date-Added = {2018-10-07 08:12:26 +0900},
	Date-Modified = {2018-10-07 08:12:26 +0900},
	Day = {19},
	Journal = {Nature Neuroscience},
	L3 = {10.1038/nn.4393; https://www.nature.com/articles/nn.4393#supplementary-information},
	Month = {09},
	Pages = {1523 EP  -},
	Publisher = {Nature Publishing Group, a division of Macmillan Publishers Limited. All Rights Reserved. SN  -},
	Title = {Multimodal population brain imaging in the UK Biobank prospective epidemiological study},
	Ty = {JOUR},
	Url = {http://dx.doi.org/10.1038/nn.4393},
	Volume = {19},
	Year = {2016},
	Bdsk-Url-1 = {http://dx.doi.org/10.1038/nn.4393}}

@article{Zuo:2014aa,
	Author = {Zuo, Xi-Nian and Anderson, Jeffrey S and Bellec, Pierre and Birn, Rasmus M and Biswal, Bharat B and Blautzik, Janusch and Breitner, John C. S and Buckner, Randy L and Calhoun, Vince D and Castellanos, F. Xavier and Chen, Antao and Chen, Bing and Chen, Jiangtao and Chen, Xu and Colcombe, Stanley J and Courtney, William and Craddock, R Cameron and Di Martino, Adriana and Dong, Hao-Ming and Fu, Xiaolan and Gong, Qiyong and Gorgolewski, Krzysztof J and Han, Ying and He, Ye and He, Yong and Ho, Erica and Holmes, Avram and Hou, Xiao-Hui and Huckins, Jeremy and Jiang, Tianzi and Jiang, Yi and Kelley, William and Kelly, Clare and King, Margaret and LaConte, Stephen M and Lainhart, Janet E and Lei, Xu and Li, Hui-Jie and Li, Kaiming and Li, Kuncheng and Lin, Qixiang and Liu, Dongqiang and Liu, Jia and Liu, Xun and Liu, Yijun and Lu, Guangming and Lu, Jie and Luna, Beatriz and Luo, Jing and Lurie, Daniel and Mao, Ying and Margulies, Daniel S and Mayer, Andrew R and Meindl, Thomas and Meyerand, Mary E and Nan, Weizhi and Nielsen, Jared A and O'Connor, David and Paulsen, David and Prabhakaran, Vivek and Qi, Zhigang and Qiu, Jiang and Shao, Chunhong and Shehzad, Zarrar and Tang, Weijun and Villringer, Arno and Wang, Huiling and Wang, Kai and Wei, Dongtao and Wei, Gao-Xia and Weng, Xu-Chu and Wu, Xuehai and Xu, Ting and Yang, Ning and Yang, Zhi and Zang, Yu-Feng and Zhang, Lei and Zhang, Qinglin and Zhang, Zhe and Zhang, Zhiqiang and Zhao, Ke and Zhen, Zonglei and Zhou, Yuan and Zhu, Xing-Ting and Milham, Michael P},
	Date = {2014/12/09/online},
	Date-Added = {2018-10-07 08:09:09 +0900},
	Date-Modified = {2018-10-07 08:09:09 +0900},
	Day = {09},
	Journal = {Scientific Data},
	L3 = {10.1038/sdata.2014.49; https://www.nature.com/articles/sdata201449#supplementary-information},
	M3 = {Data Descriptor},
	Month = {12},
	Pages = {140049 EP  -},
	Publisher = {The Author(s) SN  -},
	Title = {An open science resource for establishing reliability and reproducibility in functional connectomics},
	Ty = {JOUR},
	Url = {http://dx.doi.org/10.1038/sdata.2014.49},
	Volume = {1},
	Year = {2014},
	Bdsk-Url-1 = {http://dx.doi.org/10.1038/sdata.2014.49}}

@article{Di-Martino:2013aa,
	Author = {Di Martino, A and Yan, C-G and Li, Q and Denio, E and Castellanos, F X and Alaerts, K and Anderson, J S and Assaf, M and Bookheimer, S Y and Dapretto, M and Deen, B and Delmonte, S and Dinstein, I and Ertl-Wagner, B and Fair, D A and Gallagher, L and Kennedy, D P and Keown, C L and Keysers, C and Lainhart, J E and Lord, C and Luna, B and Menon, V and Minshew, N J and Monk, C S and Mueller, S and M{\"u}ller, R-A and Nebel, M B and Nigg, J T and O'Hearn, K and Pelphrey, K A and Peltier, S J and Rudie, J D and Sunaert, S and Thioux, M and Tyszka, J M and Uddin, L Q and Verhoeven, J S and Wenderoth, N and Wiggins, J L and Mostofsky, S H and Milham, M P},
	Date = {2013/06/18/online},
	Date-Added = {2018-10-07 08:05:24 +0900},
	Date-Modified = {2018-10-07 08:05:24 +0900},
	Day = {18},
	Journal = {Molecular Psychiatry},
	L3 = {10.1038/mp.2013.78; https://www.nature.com/articles/mp201378#supplementary-information},
	M3 = {Original Article},
	Month = {06},
	Pages = {659 EP  -},
	Publisher = {Macmillan Publishers Limited SN  -},
	Title = {The autism brain imaging data exchange: towards a large-scale evaluation of the intrinsic brain architecture in autism},
	Ty = {JOUR},
	Url = {http://dx.doi.org/10.1038/mp.2013.78},
	Volume = {19},
	Year = {2013},
	Bdsk-Url-1 = {http://dx.doi.org/10.1038/mp.2013.78}}

@article{POLDRACK2017259,
	Author = {Russell A. Poldrack and Krzysztof J. Gorgolewski},
	Date-Added = {2018-10-07 08:03:57 +0900},
	Date-Modified = {2018-10-07 08:03:57 +0900},
	Doi = {https://doi.org/10.1016/j.neuroimage.2015.05.073},
	Issn = {1053-8119},
	Journal = {NeuroImage},
	Note = {Data Sharing Part II},
	Pages = {259 - 261},
	Title = {OpenfMRI: Open sharing of task fMRI data},
	Url = {http://www.sciencedirect.com/science/article/pii/S1053811915004632},
	Volume = {144},
	Year = {2017},
	Bdsk-Url-1 = {http://www.sciencedirect.com/science/article/pii/S1053811915004632},
	Bdsk-Url-2 = {https://doi.org/10.1016/j.neuroimage.2015.05.073}}

@article{doi:10.1002/jmri.21049,
	Author = {Jack, Clifford R. and Bernstein, Matt A. and Fox, Nick C. and Thompson, Paul and Alexander, Gene and Harvey, Danielle and Borowski, Bret and Britson, Paula J. and L. Whitwell, Jennifer and Ward, Chadwick and Dale, Anders M. and Felmlee, Joel P. and Gunter, Jeffrey L. and Hill, Derek L.G. and Killiany, Ron and Schuff, Norbert and Fox-Bosetti, Sabrina and Lin, Chen and Studholme, Colin and DeCarli, Charles S. and Gunnar Krueger and Ward, Heidi A. and Metzger, Gregory J. and Scott, Katherine T. and Mallozzi, Richard and Blezek, Daniel and Levy, Joshua and Debbins, Josef P. and Fleisher, Adam S. and Albert, Marilyn and Green, Robert and Bartzokis, George and Glover, Gary and Mugler, John and Weiner, Michael W.},
	Date-Added = {2018-10-07 08:01:33 +0900},
	Date-Modified = {2018-10-07 08:01:33 +0900},
	Doi = {10.1002/jmri.21049},
	Eprint = {https://onlinelibrary.wiley.com/doi/pdf/10.1002/jmri.21049},
	Journal = {Journal of Magnetic Resonance Imaging},
	Keywords = {MRI, Alzheimer's disease, clinical trials, imaging methods, imaging standardization},
	Number = {4},
	Pages = {685-691},
	Title = {The Alzheimer's disease neuroimaging initiative (ADNI): MRI methods},
	Url = {https://onlinelibrary.wiley.com/doi/abs/10.1002/jmri.21049},
	Volume = {27},
	Bdsk-Url-1 = {https://onlinelibrary.wiley.com/doi/abs/10.1002/jmri.21049},
	Bdsk-Url-2 = {https://doi.org/10.1002/jmri.21049},
	Bdsk-File-1 = {YnBsaXN0MDDUAQIDBAUGJCVYJHZlcnNpb25YJG9iamVjdHNZJGFyY2hpdmVyVCR0b3ASAAGGoKgHCBMUFRYaIVUkbnVsbNMJCgsMDxJXTlMua2V5c1pOUy5vYmplY3RzViRjbGFzc6INDoACgAOiEBGABIAFgAdccmVsYXRpdmVQYXRoWWFsaWFzRGF0YV8QKi4uLy4uLy4uL0Rvd25sb2Fkcy9TMTA1MzgxMTkxMzAwNTM1MS0xLmJpYtIXCxgZV05TLmRhdGFPEQGeAAAAAAGeAAIAAAxNYWNpbnRvc2ggSEQAAAAAAAAAAAAAAAAAAADVLdd/SCsAAAAJp/YXUzEwNTM4MTE5MTMwMDUzNTEtMS5iaWIAAAAAAAAAAAAAAAAAAAAAAAAAAAAAAAAAAAAAAAAAAAAAAAAAAAAAAMOKUtffb9oAAAAAAAAAAAADAAIAAAkgAAAAAAAAAAAAAAAAAAAACURvd25sb2FkcwAAEAAIAADVLVjvAAAAEQAIAADX3vFKAAAAAQAMAAmn9gAJp/MABmgMAAIAO01hY2ludG9zaCBIRDpVc2VyczoAdmhzOgBEb3dubG9hZHM6AFMxMDUzODExOTEzMDA1MzUxLTEuYmliAAAOADAAFwBTADEAMAA1ADMAOAAxADEAOQAxADMAMAAwADUAMwA1ADEALQAxAC4AYgBpAGIADwAaAAwATQBhAGMAaQBuAHQAbwBzAGgAIABIAEQAEgArVXNlcnMvdmhzL0Rvd25sb2Fkcy9TMTA1MzgxMTkxMzAwNTM1MS0xLmJpYgAAEwABLwAAFQACAAr//wAAgAbSGxwdHlokY2xhc3NuYW1lWCRjbGFzc2VzXU5TTXV0YWJsZURhdGGjHR8gVk5TRGF0YVhOU09iamVjdNIbHCIjXE5TRGljdGlvbmFyeaIiIF8QD05TS2V5ZWRBcmNoaXZlctEmJ1Ryb290gAEACAARABoAIwAtADIANwBAAEYATQBVAGAAZwBqAGwAbgBxAHMAdQB3AIQAjgC7AMAAyAJqAmwCcQJ8AoUCkwKXAp4CpwKsArkCvALOAtEC1gAAAAAAAAIBAAAAAAAAACgAAAAAAAAAAAAAAAAAAALY},
	Bdsk-File-2 = {YnBsaXN0MDDUAQIDBAUGJCVYJHZlcnNpb25YJG9iamVjdHNZJGFyY2hpdmVyVCR0b3ASAAGGoKgHCBMUFRYaIVUkbnVsbNMJCgsMDxJXTlMua2V5c1pOUy5vYmplY3RzViRjbGFzc6INDoACgAOiEBGABIAFgAdccmVsYXRpdmVQYXRoWWFsaWFzRGF0YV8QIS4uLy4uLy4uL0Rvd25sb2Fkcy9uYnQuMzgyMC0xLnJpc9IXCxgZV05TLmRhdGFPEQF4AAAAAAF4AAIAAAxNYWNpbnRvc2ggSEQAAAAAAAAAAAAAAAAAAADVLdd/SCsAAAAJp/YObmJ0LjM4MjAtMS5yaXMAAAAAAAAAAAAAAAAAAAAAAAAAAAAAAAAAAAAAAAAAAAAAAAAAAAAAAAAAAAAAAAAAAMOZENffh3EAAAAAAAAAAAADAAIAAAkgAAAAAAAAAAAAAAAAAAAACURvd25sb2FkcwAAEAAIAADVLVjvAAAAEQAIAADX3wjhAAAAAQAMAAmn9gAJp/MABmgMAAIAMk1hY2ludG9zaCBIRDpVc2VyczoAdmhzOgBEb3dubG9hZHM6AG5idC4zODIwLTEucmlzAA4AHgAOAG4AYgB0AC4AMwA4ADIAMAAtADEALgByAGkAcwAPABoADABNAGEAYwBpAG4AdABvAHMAaAAgAEgARAASACJVc2Vycy92aHMvRG93bmxvYWRzL25idC4zODIwLTEucmlzABMAAS8AABUAAgAK//8AAIAG0hscHR5aJGNsYXNzbmFtZVgkY2xhc3Nlc11OU011dGFibGVEYXRhox0fIFZOU0RhdGFYTlNPYmplY3TSGxwiI1xOU0RpY3Rpb25hcnmiIiBfEA9OU0tleWVkQXJjaGl2ZXLRJidUcm9vdIABAAgAEQAaACMALQAyADcAQABGAE0AVQBgAGcAagBsAG4AcQBzAHUAdwCEAI4AsgC3AL8COwI9AkICTQJWAmQCaAJvAngCfQKKAo0CnwKiAqcAAAAAAAACAQAAAAAAAAAoAAAAAAAAAAAAAAAAAAACqQ==},
	Bdsk-File-3 = {YnBsaXN0MDDUAQIDBAUGJCVYJHZlcnNpb25YJG9iamVjdHNZJGFyY2hpdmVyVCR0b3ASAAGGoKgHCBMUFRYaIVUkbnVsbNMJCgsMDxJXTlMua2V5c1pOUy5vYmplY3RzViRjbGFzc6INDoACgAOiEBGABIAFgAdccmVsYXRpdmVQYXRoWWFsaWFzRGF0YV8QHi4uLy4uLy4uL0Rvd25sb2Fkcy8yMjI4MzAxLmJpYtIXCxgZV05TLmRhdGFPEQFuAAAAAAFuAAIAAAxNYWNpbnRvc2ggSEQAAAAAAAAAAAAAAAAAAADVLdd/SCsAAAAJp/YLMjIyODMwMS5iaWIAAAAAAAAAAAAAAAAAAAAAAAAAAAAAAAAAAAAAAAAAAAAAAAAAAAAAAAAAAAAAAAAAAAAAAMOr2dfgemQAAAAAAAAAAAADAAIAAAkgAAAAAAAAAAAAAAAAAAAACURvd25sb2FkcwAAEAAIAADVLVjvAAAAEQAIAADX3/vUAAAAAQAMAAmn9gAJp/MABmgMAAIAL01hY2ludG9zaCBIRDpVc2VyczoAdmhzOgBEb3dubG9hZHM6ADIyMjgzMDEuYmliAAAOABgACwAyADIAMgA4ADMAMAAxAC4AYgBpAGIADwAaAAwATQBhAGMAaQBuAHQAbwBzAGgAIABIAEQAEgAfVXNlcnMvdmhzL0Rvd25sb2Fkcy8yMjI4MzAxLmJpYgAAEwABLwAAFQACAAr//wAAgAbSGxwdHlokY2xhc3NuYW1lWCRjbGFzc2VzXU5TTXV0YWJsZURhdGGjHR8gVk5TRGF0YVhOU09iamVjdNIbHCIjXE5TRGljdGlvbmFyeaIiIF8QD05TS2V5ZWRBcmNoaXZlctEmJ1Ryb290gAEACAARABoAIwAtADIANwBAAEYATQBVAGAAZwBqAGwAbgBxAHMAdQB3AIQAjgCvALQAvAIuAjACNQJAAkkCVwJbAmICawJwAn0CgAKSApUCmgAAAAAAAAIBAAAAAAAAACgAAAAAAAAAAAAAAAAAAAKc}}

@article{10.1371/journal.pone.0035691,
	Author = {Langer, Max AND Pacureanu, Alexandra AND Suhonen, Heikki AND Grimal, Quentin AND Cloetens, Peter AND Peyrin, Fran{\c c}oise},
	Date-Added = {2018-10-07 07:59:40 +0900},
	Date-Modified = {2018-10-07 07:59:52 +0900},
	Doi = {10.1371/journal.pone.0035691},
	Journal = {PLOS ONE},
	Keywords = {micro-CT},
	Month = {08},
	Number = {8},
	Pages = {1-7},
	Publisher = {Public Library of Science},
	Title = {X-Ray Phase Nanotomography Resolves the 3D Human Bone Ultrastructure},
	Url = {https://doi.org/10.1371/journal.pone.0035691},
	Volume = {7},
	Year = {2012},
	Bdsk-Url-1 = {https://doi.org/10.1371/journal.pone.0035691},
	Bdsk-File-1 = {YnBsaXN0MDDUAQIDBAUGJCVYJHZlcnNpb25YJG9iamVjdHNZJGFyY2hpdmVyVCR0b3ASAAGGoKgHCBMUFRYaIVUkbnVsbNMJCgsMDxJXTlMua2V5c1pOUy5vYmplY3RzViRjbGFzc6INDoACgAOiEBGABIAFgAdccmVsYXRpdmVQYXRoWWFsaWFzRGF0YV8QHi4uLy4uLy4uL0Rvd25sb2Fkcy93M2Nwcm92LmJpYtIXCxgZV05TLmRhdGFPEQFuAAAAAAFuAAIAAAxNYWNpbnRvc2ggSEQAAAAAAAAAAAAAAAAAAADVLdd/SCsAAAAJp/YLdzNjcHJvdi5iaWIAAAAAAAAAAAAAAAAAAAAAAAAAAAAAAAAAAAAAAAAAAAAAAAAAAAAAAAAAAAAAAAAAAAAAAMOyodfgggAAAAAAAAAAAAADAAIAAAkgAAAAAAAAAAAAAAAAAAAACURvd25sb2FkcwAAEAAIAADVLVjvAAAAEQAIAADX4ANwAAAAAQAMAAmn9gAJp/MABmgMAAIAL01hY2ludG9zaCBIRDpVc2VyczoAdmhzOgBEb3dubG9hZHM6AHczY3Byb3YuYmliAAAOABgACwB3ADMAYwBwAHIAbwB2AC4AYgBpAGIADwAaAAwATQBhAGMAaQBuAHQAbwBzAGgAIABIAEQAEgAfVXNlcnMvdmhzL0Rvd25sb2Fkcy93M2Nwcm92LmJpYgAAEwABLwAAFQACAAr//wAAgAbSGxwdHlokY2xhc3NuYW1lWCRjbGFzc2VzXU5TTXV0YWJsZURhdGGjHR8gVk5TRGF0YVhOU09iamVjdNIbHCIjXE5TRGljdGlvbmFyeaIiIF8QD05TS2V5ZWRBcmNoaXZlctEmJ1Ryb290gAEACAARABoAIwAtADIANwBAAEYATQBVAGAAZwBqAGwAbgBxAHMAdQB3AIQAjgCvALQAvAIuAjACNQJAAkkCVwJbAmICawJwAn0CgAKSApUCmgAAAAAAAAIBAAAAAAAAACgAAAAAAAAAAAAAAAAAAAKc}}

@article{Hildebrand:2017aa,
	Author = {Hildebrand, David Grant Colburn and Cicconet, Marcelo and Torres, Russel Miguel and Choi, Woohyuk and Quan, Tran Minh and Moon, Jungmin and Wetzel, Arthur Willis and Scott Champion, Andrew and Graham, Brett Jesse and Randlett, Owen and Plummer, George Scott and Portugues, Ruben and Bianco, Isaac Henry and Saalfeld, Stephan and Baden, Alexander David and Lillaney, Kunal and Burns, Randal and Vogelstein, Joshua Tzvi and Schier, Alexander Franz and Lee, Wei-Chung Allen and Jeong, Won-Ki and Lichtman, Jeff William and Engert, Florian},
	Date = {2017/05/10/online},
	Date-Added = {2018-10-07 07:55:18 +0900},
	Date-Modified = {2018-10-07 07:55:18 +0900},
	Day = {10},
	Journal = {Nature},
	L3 = {10.1038/nature22356; https://www.nature.com/articles/nature22356#supplementary-information},
	Month = {05},
	Pages = {345 EP  -},
	Publisher = {Macmillan Publishers Limited, part of Springer Nature. All rights reserved. SN  -},
	Title = {Whole-brain serial-section electron microscopy in larval zebrafish},
	Ty = {JOUR},
	Url = {http://dx.doi.org/10.1038/nature22356},
	Volume = {545},
	Year = {2017},
	Bdsk-Url-1 = {http://dx.doi.org/10.1038/nature22356}}

@article{lichtman2014big,
	Author = {Lichtman, Jeff W and Pfister, Hanspeter and Shavit, Nir},
	Date-Added = {2018-10-07 07:53:59 +0900},
	Date-Modified = {2018-10-07 07:53:59 +0900},
	Journal = {Nature neuroscience},
	Number = {11},
	Pages = {1448},
	Publisher = {Nature Publishing Group},
	Title = {The big data challenges of connectomics},
	Volume = {17},
	Year = {2014},
	Bdsk-File-1 = {YnBsaXN0MDDUAQIDBAUGJCVYJHZlcnNpb25YJG9iamVjdHNZJGFyY2hpdmVyVCR0b3ASAAGGoKgHCBMUFRYaIVUkbnVsbNMJCgsMDxJXTlMua2V5c1pOUy5vYmplY3RzViRjbGFzc6INDoACgAOiEBGABIAFgAdccmVsYXRpdmVQYXRoWWFsaWFzRGF0YV8QKi4uLy4uLy4uL0Rvd25sb2Fkcy9wZXJpY2xlc18xNTIyMjU4NjI3LmJpYtIXCxgZV05TLmRhdGFPEQGeAAAAAAGeAAIAAAxNYWNpbnRvc2ggSEQAAAAAAAAAAAAAAAAAAADVLdd/SCsAAAAJp/YXcGVyaWNsZXNfMTUyMjI1ODYyNy5iaWIAAAAAAAAAAAAAAAAAAAAAAAAAAAAAAAAAAAAAAAAAAAAAAAAAAAAAAMOIcNffbcgAAAAAAAAAAAADAAIAAAkgAAAAAAAAAAAAAAAAAAAACURvd25sb2FkcwAAEAAIAADVLVjvAAAAEQAIAADX3u84AAAAAQAMAAmn9gAJp/MABmgMAAIAO01hY2ludG9zaCBIRDpVc2VyczoAdmhzOgBEb3dubG9hZHM6AHBlcmljbGVzXzE1MjIyNTg2MjcuYmliAAAOADAAFwBwAGUAcgBpAGMAbABlAHMAXwAxADUAMgAyADIANQA4ADYAMgA3AC4AYgBpAGIADwAaAAwATQBhAGMAaQBuAHQAbwBzAGgAIABIAEQAEgArVXNlcnMvdmhzL0Rvd25sb2Fkcy9wZXJpY2xlc18xNTIyMjU4NjI3LmJpYgAAEwABLwAAFQACAAr//wAAgAbSGxwdHlokY2xhc3NuYW1lWCRjbGFzc2VzXU5TTXV0YWJsZURhdGGjHR8gVk5TRGF0YVhOU09iamVjdNIbHCIjXE5TRGljdGlvbmFyeaIiIF8QD05TS2V5ZWRBcmNoaXZlctEmJ1Ryb290gAEACAARABoAIwAtADIANwBAAEYATQBVAGAAZwBqAGwAbgBxAHMAdQB3AIQAjgC7AMAAyAJqAmwCcQJ8AoUCkwKXAp4CpwKsArkCvALOAtEC1gAAAAAAAAIBAAAAAAAAACgAAAAAAAAAAAAAAAAAAALY}}

@inproceedings{10.1007/978-3-319-12084-3_1,
	Address = {Cham},
	Author = {Amunts, Katrin and B{\"u}cker, Oliver and Axer, Markus},
	Booktitle = {Brain-Inspired Computing},
	Date-Added = {2018-10-07 07:45:38 +0900},
	Date-Modified = {2018-10-07 07:45:45 +0900},
	Editor = {Grandinetti, Lucio and Lippert, Thomas and Petkov, Nicolai},
	Isbn = {978-3-319-12084-3},
	Keywords = {PLI},
	Pages = {3--14},
	Publisher = {Springer International Publishing},
	Title = {Towards a Multiscale, High-Resolution Model of the Human Brain},
	Year = {2014}}

@article{Amunts1472,
	Author = {Amunts, Katrin and Lepage, Claude and Borgeat, Louis and Mohlberg, Hartmut and Dickscheid, Timo and Rousseau, Marc-{\'E}tienne and Bludau, Sebastian and Bazin, Pierre-Louis and Lewis, Lindsay B. and Oros-Peusquens, Ana-Maria and Shah, Nadim J. and Lippert, Thomas and Zilles, Karl and Evans, Alan C.},
	Date-Added = {2018-10-07 07:40:43 +0900},
	Date-Modified = {2018-10-07 07:40:43 +0900},
	Doi = {10.1126/science.1235381},
	Eprint = {http://science.sciencemag.org/content/340/6139/1472.full.pdf},
	Issn = {0036-8075},
	Journal = {Science},
	Number = {6139},
	Pages = {1472--1475},
	Publisher = {American Association for the Advancement of Science},
	Title = {BigBrain: An Ultrahigh-Resolution 3D Human Brain Model},
	Url = {http://science.sciencemag.org/content/340/6139/1472},
	Volume = {340},
	Year = {2013},
	Bdsk-Url-1 = {http://science.sciencemag.org/content/340/6139/1472},
	Bdsk-Url-2 = {https://doi.org/10.1126/science.1235381}}

@article{DEELMAN201517,
	Author = {Ewa Deelman and Karan Vahi and Gideon Juve and Mats Rynge and Scott Callaghan and Philip J. Maechling and Rajiv Mayani and Weiwei Chen and Rafael Ferreira da Silva and Miron Livny and Kent Wenger},
	Date-Added = {2018-10-07 07:39:42 +0900},
	Date-Modified = {2018-10-07 07:39:42 +0900},
	Doi = {https://doi.org/10.1016/j.future.2014.10.008},
	Issn = {0167-739X},
	Journal = {Future Generation Computer Systems},
	Keywords = {Scientific workflows, Workflow management system, Pegasus},
	Pages = {17 - 35},
	Title = {Pegasus, a workflow management system for science automation},
	Url = {http://www.sciencedirect.com/science/article/pii/S0167739X14002015},
	Volume = {46},
	Year = {2015},
	Bdsk-Url-1 = {http://www.sciencedirect.com/science/article/pii/S0167739X14002015},
	Bdsk-Url-2 = {https://doi.org/10.1016/j.future.2014.10.008}}

@article{Vivian:2017aa,
	Author = {Vivian, John and Rao, Arjun Arkal and Nothaft, Frank Austin and Ketchum, Christopher and Armstrong, Joel and Novak, Adam and Pfeil, Jacob and Narkizian, Jake and Deran, Alden D and Musselman-Brown, Audrey and Schmidt, Hannes and Amstutz, Peter and Craft, Brian and Goldman, Mary and Rosenbloom, Kate and Cline, Melissa and O'Connor, Brian and Hanna, Megan and Birger, Chet and Kent, W James and Patterson, David A and Joseph, Anthony D and Zhu, Jingchun and Zaranek, Sasha and Getz, Gad and Haussler, David and Paten, Benedict},
	Date = {2017/04/11/online},
	Date-Added = {2018-10-07 07:38:55 +0900},
	Date-Modified = {2018-10-07 07:38:55 +0900},
	Day = {11},
	Journal = {Nature Biotechnology},
	L3 = {10.1038/nbt.3772; https://www.nature.com/articles/nbt.3772#supplementary-information},
	Month = {04},
	Pages = {314 EP  -},
	Publisher = {Nature Publishing Group, a division of Macmillan Publishers Limited. All Rights Reserved. SN  -},
	Title = {Toil enables reproducible, open source, big biomedical data analyses},
	Ty = {JOUR},
	Url = {http://dx.doi.org/10.1038/nbt.3772},
	Volume = {35},
	Year = {2017},
	Bdsk-Url-1 = {http://dx.doi.org/10.1038/nbt.3772},
	Bdsk-File-1 = {YnBsaXN0MDDUAQIDBAUGJCVYJHZlcnNpb25YJG9iamVjdHNZJGFyY2hpdmVyVCR0b3ASAAGGoKgHCBMUFRYaIVUkbnVsbNMJCgsMDxJXTlMua2V5c1pOUy5vYmplY3RzViRjbGFzc6INDoACgAOiEBGABIAFgAdccmVsYXRpdmVQYXRoWWFsaWFzRGF0YV8QIi4uLy4uLy4uL0Rvd25sb2Fkcy9uYXR1cmUyMjM1Ni5yaXPSFwsYGVdOUy5kYXRhTxEBfgAAAAABfgACAAAMTWFjaW50b3NoIEhEAAAAAAAAAAAAAAAAAAAA1S3Xf0grAAAACaf2D25hdHVyZTIyMzU2LnJpcwAAAAAAAAAAAAAAAAAAAAAAAAAAAAAAAAAAAAAAAAAAAAAAAAAAAAAAAAAAAAAAAADDhsbX32tzAAAAAAAAAAAAAwACAAAJIAAAAAAAAAAAAAAAAAAAAAlEb3dubG9hZHMAABAACAAA1S1Y7wAAABEACAAA197s4wAAAAEADAAJp/YACafzAAZoDAACADNNYWNpbnRvc2ggSEQ6VXNlcnM6AHZoczoARG93bmxvYWRzOgBuYXR1cmUyMjM1Ni5yaXMAAA4AIAAPAG4AYQB0AHUAcgBlADIAMgAzADUANgAuAHIAaQBzAA8AGgAMAE0AYQBjAGkAbgB0AG8AcwBoACAASABEABIAI1VzZXJzL3Zocy9Eb3dubG9hZHMvbmF0dXJlMjIzNTYucmlzAAATAAEvAAAVAAIACv//AACABtIbHB0eWiRjbGFzc25hbWVYJGNsYXNzZXNdTlNNdXRhYmxlRGF0YaMdHyBWTlNEYXRhWE5TT2JqZWN00hscIiNcTlNEaWN0aW9uYXJ5oiIgXxAPTlNLZXllZEFyY2hpdmVy0SYnVHJvb3SAAQAIABEAGgAjAC0AMgA3AEAARgBNAFUAYABnAGoAbABuAHEAcwB1AHcAhACOALMAuADAAkICRAJJAlQCXQJrAm8CdgJ/AoQCkQKUAqYCqQKuAAAAAAAAAgEAAAAAAAAAKAAAAAAAAAAAAAAAAAAAArA=}}

@article{Freeman:2014aa,
	Author = {Freeman, Jeremy and Vladimirov, Nikita and Kawashima, Takashi and Mu, Yu and Sofroniew, Nicholas J and Bennett, Davis V and Rosen, Joshua and Yang, Chao-Tsung and Looger, Loren L and Ahrens, Misha B},
	Date = {2014/07/27/online},
	Date-Added = {2018-10-07 07:37:48 +0900},
	Date-Modified = {2018-10-07 07:37:48 +0900},
	Day = {27},
	Journal = {Nature Methods},
	L3 = {10.1038/nmeth.3041; https://www.nature.com/articles/nmeth.3041#supplementary-information},
	M3 = {Article},
	Month = {07},
	Pages = {941 EP  -},
	Publisher = {Nature Publishing Group, a division of Macmillan Publishers Limited. All Rights Reserved. SN  -},
	Title = {Mapping brain activity at scale with cluster computing},
	Ty = {JOUR},
	Url = {http://dx.doi.org/10.1038/nmeth.3041},
	Volume = {11},
	Year = {2014},
	Bdsk-Url-1 = {http://dx.doi.org/10.1038/nmeth.3041},
	Bdsk-File-1 = {YnBsaXN0MDDUAQIDBAUGJCVYJHZlcnNpb25YJG9iamVjdHNZJGFyY2hpdmVyVCR0b3ASAAGGoKgHCBMUFRYaIVUkbnVsbNMJCgsMDxJXTlMua2V5c1pOUy5vYmplY3RzViRjbGFzc6INDoACgAOiEBGABIAFgAdccmVsYXRpdmVQYXRoWWFsaWFzRGF0YV8QIS4uLy4uLy4uL0Rvd25sb2Fkcy9uYnQuMzgyMC0xLnJpc9IXCxgZV05TLmRhdGFPEQF4AAAAAAF4AAIAAAxNYWNpbnRvc2ggSEQAAAAAAAAAAAAAAAAAAADVLdd/SCsAAAAJp/YObmJ0LjM4MjAtMS5yaXMAAAAAAAAAAAAAAAAAAAAAAAAAAAAAAAAAAAAAAAAAAAAAAAAAAAAAAAAAAAAAAAAAAMOZENffh3EAAAAAAAAAAAADAAIAAAkgAAAAAAAAAAAAAAAAAAAACURvd25sb2FkcwAAEAAIAADVLVjvAAAAEQAIAADX3wjhAAAAAQAMAAmn9gAJp/MABmgMAAIAMk1hY2ludG9zaCBIRDpVc2VyczoAdmhzOgBEb3dubG9hZHM6AG5idC4zODIwLTEucmlzAA4AHgAOAG4AYgB0AC4AMwA4ADIAMAAtADEALgByAGkAcwAPABoADABNAGEAYwBpAG4AdABvAHMAaAAgAEgARAASACJVc2Vycy92aHMvRG93bmxvYWRzL25idC4zODIwLTEucmlzABMAAS8AABUAAgAK//8AAIAG0hscHR5aJGNsYXNzbmFtZVgkY2xhc3Nlc11OU011dGFibGVEYXRhox0fIFZOU0RhdGFYTlNPYmplY3TSGxwiI1xOU0RpY3Rpb25hcnmiIiBfEA9OU0tleWVkQXJjaGl2ZXLRJidUcm9vdIABAAgAEQAaACMALQAyADcAQABGAE0AVQBgAGcAagBsAG4AcQBzAHUAdwCEAI4AsgC3AL8COwI9AkICTQJWAmQCaAJvAngCfQKKAo0CnwKiAqcAAAAAAAACAQAAAAAAAAAoAAAAAAAAAAAAAAAAAAACqQ==},
	Bdsk-File-2 = {YnBsaXN0MDDUAQIDBAUGJCVYJHZlcnNpb25YJG9iamVjdHNZJGFyY2hpdmVyVCR0b3ASAAGGoKgHCBMUFRYaIVUkbnVsbNMJCgsMDxJXTlMua2V5c1pOUy5vYmplY3RzViRjbGFzc6INDoACgAOiEBGABIAFgAdccmVsYXRpdmVQYXRoWWFsaWFzRGF0YV8QNS4uLy4uLy4uL0Rvd25sb2Fkcy8xMC4xMzcxJTJGam91cm5hbC5wb25lLjAxNzc0NTkuYmli0hcLGBlXTlMuZGF0YU8RAcYAAAAAAcYAAgAADE1hY2ludG9zaCBIRAAAAAAAAAAAAAAAAAAAANUt139IKwAAAAmn9h8xMC4xMzcxJTJGam91cm5hbC5wbyNDM0FFMjAuYmliAAAAAAAAAAAAAAAAAAAAAAAAAAAAAAAAAAAAAAAAAAAAw64g1+B9IQAAAAAAAAAAAAMAAgAACSAAAAAAAAAAAAAAAAAAAAAJRG93bmxvYWRzAAAQAAgAANUtWO8AAAARAAgAANff/pEAAAABAAwACaf2AAmn8wAGaAwAAgBDTWFjaW50b3NoIEhEOlVzZXJzOgB2aHM6AERvd25sb2FkczoAMTAuMTM3MSUyRmpvdXJuYWwucG8jQzNBRTIwLmJpYgAADgBGACIAMQAwAC4AMQAzADcAMQAlADIARgBqAG8AdQByAG4AYQBsAC4AcABvAG4AZQAuADAAMQA3ADcANAA1ADkALgBiAGkAYgAPABoADABNAGEAYwBpAG4AdABvAHMAaAAgAEgARAASADZVc2Vycy92aHMvRG93bmxvYWRzLzEwLjEzNzElMkZqb3VybmFsLnBvbmUuMDE3NzQ1OS5iaWIAEwABLwAAFQACAAr//wAAgAbSGxwdHlokY2xhc3NuYW1lWCRjbGFzc2VzXU5TTXV0YWJsZURhdGGjHR8gVk5TRGF0YVhOU09iamVjdNIbHCIjXE5TRGljdGlvbmFyeaIiIF8QD05TS2V5ZWRBcmNoaXZlctEmJ1Ryb290gAEACAARABoAIwAtADIANwBAAEYATQBVAGAAZwBqAGwAbgBxAHMAdQB3AIQAjgDGAMsA0wKdAp8CpAKvArgCxgLKAtEC2gLfAuwC7wMBAwQDCQAAAAAAAAIBAAAAAAAAACgAAAAAAAAAAAAAAAAAAAML}}

@inproceedings{rocklin2015dask,
	Author = {Rocklin, Matthew},
	Booktitle = {Proceedings of the 14th Python in Science Conference},
	Date-Added = {2018-10-07 07:36:07 +0900},
	Date-Modified = {2018-10-07 07:36:07 +0900},
	Number = {130-136},
	Organization = {Citeseer},
	Title = {Dask: Parallel computation with blocked algorithms and task scheduling},
	Year = {2015}}

@article{Zaharia:2016:ASU:3013530.2934664,
	Acmid = {2934664},
	Address = {New York, NY, USA},
	Author = {Zaharia, Matei and Xin, Reynold S. and Wendell, Patrick and Das, Tathagata and Armbrust, Michael and Dave, Ankur and Meng, Xiangrui and Rosen, Josh and Venkataraman, Shivaram and Franklin, Michael J. and Ghodsi, Ali and Gonzalez, Joseph and Shenker, Scott and Stoica, Ion},
	Date-Added = {2018-10-07 07:35:31 +0900},
	Date-Modified = {2018-10-07 07:35:31 +0900},
	Doi = {10.1145/2934664},
	Issn = {0001-0782},
	Issue_Date = {November 2016},
	Journal = {Commun. ACM},
	Month = oct,
	Number = {11},
	Numpages = {10},
	Pages = {56--65},
	Publisher = {ACM},
	Title = {Apache Spark: A Unified Engine for Big Data Processing},
	Url = {http://doi.acm.org/10.1145/2934664},
	Volume = {59},
	Year = {2016},
	Bdsk-Url-1 = {http://doi.acm.org/10.1145/2934664},
	Bdsk-Url-2 = {https://doi.org/10.1145/2934664}}

@article{10.3389/fninf.2014.00067,
	Author = {Friedel, Miriam and van Eede, Matthijs C. and Pipitone, Jon and Chakravarty, M. Mallar and Lerch, Jason P.},
	Date-Added = {2018-10-07 07:33:48 +0900},
	Date-Modified = {2018-10-07 07:33:48 +0900},
	Doi = {10.3389/fninf.2014.00067},
	Issn = {1662-5196},
	Journal = {Frontiers in Neuroinformatics},
	Pages = {67},
	Title = {Pydpiper: a flexible toolkit for constructing novel registration pipelines},
	Url = {https://www.frontiersin.org/article/10.3389/fninf.2014.00067},
	Volume = {8},
	Year = {2014},
	Bdsk-Url-1 = {https://www.frontiersin.org/article/10.3389/fninf.2014.00067},
	Bdsk-Url-2 = {https://doi.org/10.3389/fninf.2014.00067},
	Bdsk-File-1 = {YnBsaXN0MDDUAQIDBAUGJCVYJHZlcnNpb25YJG9iamVjdHNZJGFyY2hpdmVyVCR0b3ASAAGGoKgHCBMUFRYaIVUkbnVsbNMJCgsMDxJXTlMua2V5c1pOUy5vYmplY3RzViRjbGFzc6INDoACgAOiEBGABIAFgAdccmVsYXRpdmVQYXRoWWFsaWFzRGF0YV8QIC4uLy4uLy4uL0Rvd25sb2Fkcy9uZXVyb2RhdGEuYmli0hcLGBlXTlMuZGF0YU8RAXYAAAAAAXYAAgAADE1hY2ludG9zaCBIRAAAAAAAAAAAAAAAAAAAANUt139IKwAAAAmn9g1uZXVyb2RhdGEuYmliAAAAAAAAAAAAAAAAAAAAAAAAAAAAAAAAAAAAAAAAAAAAAAAAAAAAAAAAAAAAAAAAAAAAw4761993IwAAAAAAAAAAAAMAAgAACSAAAAAAAAAAAAAAAAAAAAAJRG93bmxvYWRzAAAQAAgAANUtWO8AAAARAAgAANfe+JMAAAABAAwACaf2AAmn8wAGaAwAAgAxTWFjaW50b3NoIEhEOlVzZXJzOgB2aHM6AERvd25sb2FkczoAbmV1cm9kYXRhLmJpYgAADgAcAA0AbgBlAHUAcgBvAGQAYQB0AGEALgBiAGkAYgAPABoADABNAGEAYwBpAG4AdABvAHMAaAAgAEgARAASACFVc2Vycy92aHMvRG93bmxvYWRzL25ldXJvZGF0YS5iaWIAABMAAS8AABUAAgAK//8AAIAG0hscHR5aJGNsYXNzbmFtZVgkY2xhc3Nlc11OU011dGFibGVEYXRhox0fIFZOU0RhdGFYTlNPYmplY3TSGxwiI1xOU0RpY3Rpb25hcnmiIiBfEA9OU0tleWVkQXJjaGl2ZXLRJidUcm9vdIABAAgAEQAaACMALQAyADcAQABGAE0AVQBgAGcAagBsAG4AcQBzAHUAdwCEAI4AsQC2AL4COAI6Aj8CSgJTAmECZQJsAnUCegKHAooCnAKfAqQAAAAAAAACAQAAAAAAAAAoAAAAAAAAAAAAAAAAAAACpg==}}

@article{10.3389/fninf.2014.00090,
	Author = {Cusack, Rhodri and Vicente-Grabovetsky, Alejandro and Mitchell, Daniel J. and Wild, Conor J. and Auer, Tibor and Linke, Annika C. and Peelle, Jonathan E.},
	Date-Added = {2018-10-07 07:32:57 +0900},
	Date-Modified = {2018-10-07 07:32:57 +0900},
	Doi = {10.3389/fninf.2014.00090},
	Issn = {1662-5196},
	Journal = {Frontiers in Neuroinformatics},
	Pages = {90},
	Title = {Automatic analysis (aa): efficient neuroimaging workflows and parallel processing using Matlab and XML},
	Url = {https://www.frontiersin.org/article/10.3389/fninf.2014.00090},
	Volume = {8},
	Year = {2015},
	Bdsk-Url-1 = {https://www.frontiersin.org/article/10.3389/fninf.2014.00090},
	Bdsk-Url-2 = {https://doi.org/10.3389/fninf.2014.00090}}

@article{10.3389/fict.2016.00015,
	Author = {Achterberg, Hakim C. and Koek, Marcel and Niessen, Wiro J.},
	Date-Added = {2018-10-07 07:30:05 +0900},
	Date-Modified = {2018-10-07 07:30:05 +0900},
	Doi = {10.3389/fict.2016.00015},
	Issn = {2297-198X},
	Journal = {Frontiers in ICT},
	Pages = {15},
	Title = {Fastr: A Workflow Engine for Advanced Data Flows in Medical Image Analysis},
	Url = {https://www.frontiersin.org/article/10.3389/fict.2016.00015},
	Volume = {3},
	Year = {2016},
	Bdsk-Url-1 = {https://www.frontiersin.org/article/10.3389/fict.2016.00015},
	Bdsk-Url-2 = {https://doi.org/10.3389/fict.2016.00015}}

@electronic{spm,
	Date-Added = {2018-10-07 07:26:22 +0900},
	Date-Modified = {2018-10-07 07:28:36 +0900},
	Title = {SPM},
	Url = {https://www.fil.ion.ucl.ac.uk/spm/software/},
	Bdsk-File-1 = {YnBsaXN0MDDUAQIDBAUGJCVYJHZlcnNpb25YJG9iamVjdHNZJGFyY2hpdmVyVCR0b3ASAAGGoKgHCBMUFRYaIVUkbnVsbNMJCgsMDxJXTlMua2V5c1pOUy5vYmplY3RzViRjbGFzc6INDoACgAOiEBGABIAFgAdccmVsYXRpdmVQYXRoWWFsaWFzRGF0YV8QHC4uLy4uLy4uL0Rvd25sb2Fkcy9jaXZldC5iaWLSFwsYGVdOUy5kYXRhTxEBZgAAAAABZgACAAAMTWFjaW50b3NoIEhEAAAAAAAAAAAAAAAAAAAA1S3Xf0grAAAACaf2CWNpdmV0LmJpYgAAAAAAAAAAAAAAAAAAAAAAAAAAAAAAAAAAAAAAAAAAAAAAAAAAAAAAAAAAAAAAAAAAAAAAAADDizLX33DiAAAAAAAAAAAAAwACAAAJIAAAAAAAAAAAAAAAAAAAAAlEb3dubG9hZHMAABAACAAA1S1Y7wAAABEACAAA197yUgAAAAEADAAJp/YACafzAAZoDAACAC1NYWNpbnRvc2ggSEQ6VXNlcnM6AHZoczoARG93bmxvYWRzOgBjaXZldC5iaWIAAA4AFAAJAGMAaQB2AGUAdAAuAGIAaQBiAA8AGgAMAE0AYQBjAGkAbgB0AG8AcwBoACAASABEABIAHVVzZXJzL3Zocy9Eb3dubG9hZHMvY2l2ZXQuYmliAAATAAEvAAAVAAIACv//AACABtIbHB0eWiRjbGFzc25hbWVYJGNsYXNzZXNdTlNNdXRhYmxlRGF0YaMdHyBWTlNEYXRhWE5TT2JqZWN00hscIiNcTlNEaWN0aW9uYXJ5oiIgXxAPTlNLZXllZEFyY2hpdmVy0SYnVHJvb3SAAQAIABEAGgAjAC0AMgA3AEAARgBNAFUAYABnAGoAbABuAHEAcwB1AHcAhACOAK0AsgC6AiQCJgIrAjYCPwJNAlECWAJhAmYCcwJ2AogCiwKQAAAAAAAAAgEAAAAAAAAAKAAAAAAAAAAAAAAAAAAAApI=},
	Bdsk-File-2 = {YnBsaXN0MDDUAQIDBAUGJCVYJHZlcnNpb25YJG9iamVjdHNZJGFyY2hpdmVyVCR0b3ASAAGGoKgHCBMUFRYaIVUkbnVsbNMJCgsMDxJXTlMua2V5c1pOUy5vYmplY3RzViRjbGFzc6INDoACgAOiEBGABIAFgAdccmVsYXRpdmVQYXRoWWFsaWFzRGF0YV8QOC4uLy4uLy4uL0Rvd25sb2Fkcy8xMC4zMzg5LWZuaW5mLjIwMTQuMDAwNTQtY2l0YXRpb24uYmli0hcLGBlXTlMuZGF0YU8RAdAAAAAAAdAAAgAADE1hY2ludG9zaCBIRAAAAAAAAAAAAAAAAAAAANUt139IKwAAAAmn9h8xMC4zMzg5LWZuaW5mLjIwMTQuMCNDMzhENkQuYmliAAAAAAAAAAAAAAAAAAAAAAAAAAAAAAAAAAAAAAAAAAAAw41t199zjAAAAAAAAAAAAAMAAgAACSAAAAAAAAAAAAAAAAAAAAAJRG93bmxvYWRzAAAQAAgAANUtWO8AAAARAAgAANfe9PwAAAABAAwACaf2AAmn8wAGaAwAAgBDTWFjaW50b3NoIEhEOlVzZXJzOgB2aHM6AERvd25sb2FkczoAMTAuMzM4OS1mbmluZi4yMDE0LjAjQzM4RDZELmJpYgAADgBMACUAMQAwAC4AMwAzADgAOQAtAGYAbgBpAG4AZgAuADIAMAAxADQALgAwADAAMAA1ADQALQBjAGkAdABhAHQAaQBvAG4ALgBiAGkAYgAPABoADABNAGEAYwBpAG4AdABvAHMAaAAgAEgARAASADlVc2Vycy92aHMvRG93bmxvYWRzLzEwLjMzODktZm5pbmYuMjAxNC4wMDA1NC1jaXRhdGlvbi5iaWIAABMAAS8AABUAAgAK//8AAIAG0hscHR5aJGNsYXNzbmFtZVgkY2xhc3Nlc11OU011dGFibGVEYXRhox0fIFZOU0RhdGFYTlNPYmplY3TSGxwiI1xOU0RpY3Rpb25hcnmiIiBfEA9OU0tleWVkQXJjaGl2ZXLRJidUcm9vdIABAAgAEQAaACMALQAyADcAQABGAE0AVQBgAGcAagBsAG4AcQBzAHUAdwCEAI4AyQDOANYCqgKsArECvALFAtMC1wLeAucC7AL5AvwDDgMRAxYAAAAAAAACAQAAAAAAAAAoAAAAAAAAAAAAAAAAAAADGA==}}

@article{REX20031033,
	Author = {David E Rex and Jeffrey Q Ma and Arthur W Toga},
	Date-Added = {2018-10-07 07:25:06 +0900},
	Date-Modified = {2018-10-07 07:25:06 +0900},
	Doi = {https://doi.org/10.1016/S1053-8119(03)00185-X},
	Issn = {1053-8119},
	Journal = {NeuroImage},
	Keywords = {Dataflow model, Visual programming, Data processing environment, Automated analysis},
	Number = {3},
	Pages = {1033 - 1048},
	Title = {The LONI Pipeline Processing Environment},
	Url = {http://www.sciencedirect.com/science/article/pii/S105381190300185X},
	Volume = {19},
	Year = {2003},
	Bdsk-Url-1 = {http://www.sciencedirect.com/science/article/pii/S105381190300185X},
	Bdsk-Url-2 = {https://doi.org/10.1016/S1053-8119(03)00185-X},
	Bdsk-File-1 = {YnBsaXN0MDDUAQIDBAUGJCVYJHZlcnNpb25YJG9iamVjdHNZJGFyY2hpdmVyVCR0b3ASAAGGoKgHCBMUFRYaIVUkbnVsbNMJCgsMDxJXTlMua2V5c1pOUy5vYmplY3RzViRjbGFzc6INDoACgAOiEBGABIAFgAdccmVsYXRpdmVQYXRoWWFsaWFzRGF0YV8QKi4uLy4uLy4uL0Rvd25sb2Fkcy9wZXJpY2xlc18xNTIyMjU4NjI3LmJpYtIXCxgZV05TLmRhdGFPEQGeAAAAAAGeAAIAAAxNYWNpbnRvc2ggSEQAAAAAAAAAAAAAAAAAAADVLdd/SCsAAAAJp/YXcGVyaWNsZXNfMTUyMjI1ODYyNy5iaWIAAAAAAAAAAAAAAAAAAAAAAAAAAAAAAAAAAAAAAAAAAAAAAAAAAAAAAMOIcNffbcgAAAAAAAAAAAADAAIAAAkgAAAAAAAAAAAAAAAAAAAACURvd25sb2FkcwAAEAAIAADVLVjvAAAAEQAIAADX3u84AAAAAQAMAAmn9gAJp/MABmgMAAIAO01hY2ludG9zaCBIRDpVc2VyczoAdmhzOgBEb3dubG9hZHM6AHBlcmljbGVzXzE1MjIyNTg2MjcuYmliAAAOADAAFwBwAGUAcgBpAGMAbABlAHMAXwAxADUAMgAyADIANQA4ADYAMgA3AC4AYgBpAGIADwAaAAwATQBhAGMAaQBuAHQAbwBzAGgAIABIAEQAEgArVXNlcnMvdmhzL0Rvd25sb2Fkcy9wZXJpY2xlc18xNTIyMjU4NjI3LmJpYgAAEwABLwAAFQACAAr//wAAgAbSGxwdHlokY2xhc3NuYW1lWCRjbGFzc2VzXU5TTXV0YWJsZURhdGGjHR8gVk5TRGF0YVhOU09iamVjdNIbHCIjXE5TRGljdGlvbmFyeaIiIF8QD05TS2V5ZWRBcmNoaXZlctEmJ1Ryb290gAEACAARABoAIwAtADIANwBAAEYATQBVAGAAZwBqAGwAbgBxAHMAdQB3AIQAjgC7AMAAyAJqAmwCcQJ8AoUCkwKXAp4CpwKsArkCvALOAtEC1gAAAAAAAAIBAAAAAAAAACgAAAAAAAAAAAAAAAAAAALY}}

@article{10.3389/fninf.2012.00007,
	Author = {Bellec, Pierre and Lavoie-Courchesne, S{\'e}bastien and Dickinson, Phil and Lerch, Jason and Zijdenbos, Alex and Evans, Alan},
	Date-Added = {2018-10-07 07:24:05 +0900},
	Date-Modified = {2018-10-07 07:24:05 +0900},
	Doi = {10.3389/fninf.2012.00007},
	Issn = {1662-5196},
	Journal = {Frontiers in Neuroinformatics},
	Pages = {7},
	Title = {The pipeline system for Octave and Matlab (PSOM): a lightweight scripting framework and execution engine for scientific workflows},
	Url = {https://www.frontiersin.org/article/10.3389/fninf.2012.00007},
	Volume = {6},
	Year = {2012},
	Bdsk-Url-1 = {https://www.frontiersin.org/article/10.3389/fninf.2012.00007},
	Bdsk-Url-2 = {https://doi.org/10.3389/fninf.2012.00007}}

@article{nipype,
	Author = {Gorgolewski, Krzysztof and Burns, Christopher and Madison, Cindee and Clark, Dav and Halchenko, Yaroslav and Waskom, Michael and Ghosh, Satrajit},
	Date-Added = {2018-10-07 07:21:48 +0900},
	Date-Modified = {2018-10-08 03:56:16 +0900},
	Doi = {10.3389/fninf.2011.00013},
	Issn = {1662-5196},
	Journal = {Frontiers in Neuroinformatics},
	Pages = {13},
	Title = {Nipype: A Flexible, Lightweight and Extensible Neuroimaging Data Processing Framework in Python},
	Url = {https://www.frontiersin.org/article/10.3389/fninf.2011.00013},
	Volume = {5},
	Year = {2011},
	Bdsk-Url-1 = {https://www.frontiersin.org/article/10.3389/fninf.2011.00013},
	Bdsk-Url-2 = {https://doi.org/10.3389/fninf.2011.00013}}

@inproceedings{10.1007/978-3-319-69953-0_5,
	Address = {Cham},
	Author = {Yildiz, Orcun and Ibrahim, Shadi},
	Booktitle = {Supercomputing Frontiers},
	Date-Added = {2018-10-07 07:18:27 +0900},
	Date-Modified = {2018-10-07 07:18:27 +0900},
	Editor = {Yokota, Rio and Wu, Weigang},
	Isbn = {978-3-319-69953-0},
	Pages = {70--89},
	Publisher = {Springer International Publishing},
	Title = {On the Performance of Spark on HPC Systems: Towards a Complete Picture},
	Year = {2018},
	Bdsk-File-1 = {YnBsaXN0MDDUAQIDBAUGJCVYJHZlcnNpb25YJG9iamVjdHNZJGFyY2hpdmVyVCR0b3ASAAGGoKgHCBMUFRYaIVUkbnVsbNMJCgsMDxJXTlMua2V5c1pOUy5vYmplY3RzViRjbGFzc6INDoACgAOiEBGABIAFgAdccmVsYXRpdmVQYXRoWWFsaWFzRGF0YV8QHS4uLy4uLy4uLy5UcmFzaC9vcGVubmV1cm8uYmli0hcLGBlXTlMuZGF0YU8RAWoAAAAAAWoAAgAADE1hY2ludG9zaCBIRAAAAAAAAAAAAAAAAAAAANUt139IKwAAALicFw1vcGVubmV1cm8uYmliAAAAAAAAAAAAAAAAAAAAAAAAAAAAAAAAAAAAAAAAAAAAAAAAAAAAAAAAAAAAAAAAAAAAw42h199zvQAAAAAAAAAAAAMAAgAACSAAAAAAAAAAAAAAAAAAAAAGLlRyYXNoABAACAAA1S1Y7wAAABEACAAA1971LQAAAAEADAC4nBcACafzAAZoDAACAC5NYWNpbnRvc2ggSEQ6VXNlcnM6AHZoczoALlRyYXNoOgBvcGVubmV1cm8uYmliAA4AHAANAG8AcABlAG4AbgBlAHUAcgBvAC4AYgBpAGIADwAaAAwATQBhAGMAaQBuAHQAbwBzAGgAIABIAEQAEgAeVXNlcnMvdmhzLy5UcmFzaC9vcGVubmV1cm8uYmliABMAAS8AABUAAgAK//8AAIAG0hscHR5aJGNsYXNzbmFtZVgkY2xhc3Nlc11OU011dGFibGVEYXRhox0fIFZOU0RhdGFYTlNPYmplY3TSGxwiI1xOU0RpY3Rpb25hcnmiIiBfEA9OU0tleWVkQXJjaGl2ZXLRJidUcm9vdIABAAgAEQAaACMALQAyADcAQABGAE0AVQBgAGcAagBsAG4AcQBzAHUAdwCEAI4ArgCzALsCKQIrAjACOwJEAlICVgJdAmYCawJ4AnsCjQKQApUAAAAAAAACAQAAAAAAAAAoAAAAAAAAAAAAAAAAAAAClw==}}
